3526 5380
378 429 432 484 218
787 429 890 484 Errsr.
910 428 944 484 P.
966 429 1167 499 Nauae-255

377 583 477 650 desta
492 581 662 668 qualidad3
679 604 702 668 y
724 582 837 649 donde
856 587 932 649 sera
953 593 1135 663 menester,
1153 603 1191 649 se
1206 583 1311 670 podra
1332 584 1393 651 dar
1408 582 1612 652 testimonio

378 700 425 766 de
439 699 473 766 lo
489 720 556 784 que
571 699 727 765 sabemos
745 699 767 764 ¹.

435 833 481 888 ¹2.
530 816 571 880 El
587 815 627 880 P.
646 812 786 880 Canisio
807 835 865 880 sea
885 835 930 881 en
948 813 1041 881 buen
1062 816 1144 881 hora
1165 815 1306 882 tornado
1326 836 1407 901 para
1428 815 1608 902 Augusta,

379 953 449 1016 que
463 931 517 998 alll
535 950 580 1010 no
596 930 628 998 le
645 929 763 996 saltata
779 951 822 997 en
838 933 904 1013 que
919 929 1083 995 entender
1099 941 1172 996 esta
1188 929 1389 1014 quaresima,
1407 952 1430 1016 y
1451 929 1531 996 bien
1547 931 1610 996 fue

436 1097 445 1130 ¹
482 1099 566 1170 Quae
579 1096 626 1151 hic
639 1095 757 1151 nomine
770 1094 864 1152 Lainii
877 1095 995 1168 scripsit
1012 1097 1169 1169 Polancus,
1187 1115 1224 1151 ex
1242 1098 1433 1169 sequentibus
1451 1095 1562 1153 Canisii
1577 1104 1611 1150 et

383 1187 491 1243 Dolfini
504 1185 636 1258 epistolis
649 1185 813 1240 luculenter
824 1184 1042 1252 confirmantur,
1053 1185 1197 1258 simulque
1207 1185 1322 1241 Natalis
1333 1185 1409 1258 apud
1420 1194 1517 1241 tantos
1527 1187 1611 1240 viros

379 1277 540 1332 auctoritas
551 1274 785 1329 commendatur.
803 1273 939 1330 Canisius
952 1273 1083 1345 quidem,
1105 1287 1135 1328 11
1156 1275 1307 1330 Februarii
1326 1273 1404 1344 1563,
1423 1277 1495 1332 haec
1515 1272 1613 1333 Oeni-

383 1375 471 1439 ponte
484 1364 564 1420 Patri
578 1364 685 1419 Lainez
699 1365 855 1419 scribebat:
872 1363 974 1418 «Nunc
992 1362 1073 1424 adfui
1094 1365 1179 1418 R.¹1¹0
1198 1365 1239 1420 D.
1257 1364 1368 1418 Nuntio
1385 1363 1544 1436 Delphin0,
1557 1363 1612 1435 qui

380 1473 470 1526 super
483 1456 582 1509 haere
594 1453 726 1524 pluribus
741 1469 854 1506 mecum
868 1452 930 1522 egit
943 1468 976 1507 ac
989 1461 1108 1508 sanctae
1121 1452 1200 1508 sedis
1215 1452 1392 1524 apostolicae
1409 1451 1500 1508 fidum
1514 1469 1547 1507 se
1559 1451 1614 1506 de-

379 1545 529 1599 fensorem
542 1543 675 1598 exhibet.
693 1541 750 1596 Hic
763 1541 866 1596 suadet
880 1549 1019 1615 optatque
1032 1544 1224 1598 vehementer
1237 1541 1341 1597 adesse
1351 1543 1437 1598 nobis
1447 1543 1486 1597 R.
1500 1542 1538 1596 P.
1553 1541 1613 1595 Na·

382 1633 471 1687 talem
490 1631 590 1687 multis
608 1631 779 1702 magnisque
795 1628 833 1684 de
850 1629 958 1698 causis,
977 1637 1010 1683 vt
1027 1630 1200 1700 praesertim
1217 1629 1331 1684 duobus
1350 1629 1426 1700 aliis,
1443 1645 1517 1700 quos
1534 1613 1611 1696 dixi,

381 1719 529 1794 theologis
547 1718 632 1774 facile
650 1719 726 1773 inter
743 1733 775 1771 se
793 1717 992 1786 consensuris,
1011 1717 1054 1772 vti
1071 1716 1260 1772 metuendum
1279 1723 1336 1784 est,
1353 1733 1409 1786 ego
1429 1733 1475 1770 me
1491 1715 1603 1770 rectius

380 1825 531 1883 opponere
544 1808 663 1880 possim,
676 1815 707 1861 et
724 1805 799 1859 tueri
812 1805 1037 1861 conuenientius
1059 1805 1122 1860 iura
1144 1805 1307 1860 Ecclesiae.
1326 1805 1441 1860 Scribet
1459 1803 1608 1860 haedere

384 1900 463 1955 idern
476 1897 595 1953 nuntius
608 1895 645 1951 ad
662 1894 879 1950 lllustrissimos
897 1896 1020 1966 legatos,
1039 1901 1080 1962 et,
1099 1895 1129 1948 ni
1146 1893 1240 1966 fallar,
1258 1894 1436 1948 mentionem
1453 1893 1543 1949 faciet
1559 1909 1607 1947 ex-

384 2005 515 2062 pressam
528 1987 564 2041 P.
583 1983 706 2056 Natalis,
719 2001 806 2056 quem
820 1985 874 2037 hac
887 1983 1039 2039 occasione
1052 1983 1197 2038 Viennam
1209 1982 1390 2038 commodius
1402 1981 1607 2052 nauigaturum

383 2095 451 2132 esse
473 2075 599 2132 confido.
612 2094 626 2126 »
649 2075 693 2128 Ex
715 2075 911 2144 autographo,
931 2073 961 2128 in
983 2073 1085 2146 Epist.
1109 2070 1238 2136 canisii,
1258 2073 1282 2143 l,
1302 2071 1352 2126 113
1369 2075 1458 2142 (291).
1480 2070 1608 2126 Nuntius

381 2175 483 2222 autern
510 2163 644 2219 Dolfinus
669 2162 706 2217 ad
732 2163 845 2232 legatos
866 2160 995 2232 concilii,
1020 2173 1049 2215 11
1070 2161 1222 2217 Februarii
1247 2159 1331 2233 1563,
1353 2162 1426 2215 haec
1448 2159 1606 2215 referebat:

383 2273 436 2312 (ι...
450 2255 483 2308 ln
497 2261 600 2326 questo
612 2269 681 2306 caso
694 2251 797 2323 poiche
811 2251 832 2304 li
842 2249 937 2322 pareri
949 2250 979 2305 di
989 2251 1105 2305 Mons.r
1119 2249 1308 2306 Comendone
1319 2256 1349 2304 et
1362 2247 1430 2304 miei
1443 2265 1501 2304 non
1514 2263 1610 2319 ponno

395 2361 477 2400 esser
490 2359 522 2397 se
535 2359 593 2398 non
607 2341 731 2412 sospetti
744 2341 982 2411 all'imperatore,
1005 2339 1034 2394 io
1056 2339 1153 2411 doppo
1171 2347 1247 2394 tutta
1261 2340 1287 2393 la
1304 2336 1541 2394 consideratione
1554 2339 1607 2392 che

385 2431 443 2506 pub
456 2432 552 2487 uscire
565 2431 602 2485 da
614 2432 642 2485 la
660 2427 717 2483 mia
729 2429 898 2499 debolezza,
920 2428 959 2482 mi
981 2444 1052 2482 sono
1069 2427 1192 2483 risoluto
1204 2427 1234 2481 di
1253 2427 1295 2480 far
1312 2426 1370 2481 due
1388 2443 1466 2481 cose:
1488 2428 1569 2481 l’una
1579 2424 1608 2478 di

384 2536 538 2594 procurare
552 2521 607 2574 che
620 2517 680 2572 Sua
697 2518 824 2574 Cesarea
837 2517 949 2571 Maesta
966 2517 1112 2587 aggionga
1134 2533 1151 2572 a
1170 2516 1268 2588 questi
1281 2515 1410 2586 theologi
1433 2515 1452 2570 il
1474 2516 1608 2584 theologo

388 2611 456 2681 mio,
470 2615 645 2665 nouamente
659 2613 827 2678 presentato
840 2606 877 2660 da
892 2595 930 2660 lei
942 2608 968 2660 al
984 2613 1140 2660 vesconato
1153 2604 1184 2659 di
1203 2603 1325 2676 Pedina,
1338 2613 1369 2660 et
1385 2604 1425 2658 dil
1444 2605 1530 2676 quale
1543 2619 1606 2658 essa

387 2700 589 2754 ultimamente
602 2698 640 2751 ha
652 2695 735 2750 detto
748 2713 787 2749 un
799 2711 872 2765 gran
886 2695 973 2765 bene,
986 2693 1150 2749 hauendolo
1167 2693 1290 2749 insieme
1307 2695 1352 2750 col
1371 2693 1564 2748 Serenissimo
1575 2709 1605 2746 re

383 2787 417 2843 di
438 2787 549 2842 romani
573 2785 655 2841 udito
680 2785 830 2856 predicare
854 2783 1194 2838 catholicissimamente.
1220 2782 1330 2838 L'altra
1353 2789 1603 2837 reuerentemente

387 2877 550 2949 supplicare
567 2877 596 2929 le
612 2874 670 2930 SS.
687 2875 754 2928 VV.
773 2874 867 2927 Ill.me
885 2874 940 2927 che
957 2873 1019 2927 cosl
1036 2872 1192 2944 parendole
1211 2871 1386 2944 ispediente,
1405 2870 1536 2926 facciano
1552 2885 1603 2924 con

384 2965 507 3021 celerita
520 2964 602 3019 uenir
614 2962 665 3036 qui
678 2963 697 3017 il
711 2963 743 3016 P.
759 2960 930 3016 Hieronimo
943 2961 1047 3016 Natale
1061 2960 1177 3028 jesuita,
1187 2963 1243 3016 che
1252 2961 1283 3015 fu
1297 2963 1341 3016 col
1355 2961 1431 3015 Β.ᾱο
1445 2961 1477 3014 Ρ.
1490 2960 1604 3030 Laynez

388 3071 441 3110 suo
454 3053 601 3126 preposito
613 3052 643 3107 in
656 3051 789 3121 Francia,
802 3058 832 3105 et
844 3048 1014 3104 con'ordine
1026 3050 1081 3104 che
1094 3066 1183 3104 senza
1196 3051 1250 3105 che
1270 3049 1336 3105 altri
1353 3051 1407 3104 che
1425 3065 1492 3104 esso
1508 3062 1606 3120 prepo-

385 3144 446 3198 sito
462 3158 603 3214 sappesse
620 3143 649 3195 la
665 3157 753 3195 causa
771 3138 807 3192 de
826 3141 853 3193 la
872 3155 925 3193 sua
942 3137 1059 3209 partita,
1077 3137 1204 3210 capitato
1221 3137 1271 3210 qui
1289 3137 1375 3194 desse
1398 3136 1474 3192 fama
1492 3137 1539 3191 nel
1558 3151 1607 3190 suo

384 3231 524 3302 collegio,
546 3237 660 3285 eccetto
682 3230 736 3283 che
758 3230 803 3283 col
821 3227 952 3295 Canisio,
974 3227 994 3282 il
1016 3229 1102 3300 quale
1124 3227 1244 3282 intende
1266 3226 1312 3282 cib
1334 3243 1417 3282 meco
1439 3224 1607 3292 benissimo,

385 3321 502 3375 d’esser
514 3327 622 3375 uenuto
639 3319 799 3372 solamente
819 3334 871 3388 per
888 3315 1111 3371 raccomandare
1129 3317 1150 3371 li
1167 3317 1233 3372 altri
1253 3315 1371 3387 collegii
1388 3334 1405 3371 a
1424 3315 1483 3370 Sua
1501 3312 1607 3369 Maesta

388 3410 526 3476 Cesarea,
539 3407 645 3480 perche
658 3404 874 3477 gouernandosi
886 3405 938 3477 qui
950 3421 1033 3460 come
1047 3405 1075 3461 io
1088 3406 1109 3460 li
1121 3403 1196 3476 dirb,
1210 3421 1296 3476 spero
1307 3421 1431 3460 cauarne
1445 3404 1467 3458 li
1483 3403 1552 3459 beni
1569 3401 1607 3460 in·

387 3497 542 3554 trascritti.

442 3585 505 3641 Che
519 3586 725 3657 l'impcratore,
739 3583 758 3638 il
771 3585 857 3655 quale
871 3583 977 3654 perche
991 3583 1007 3638 ὲ
1021 3581 1051 3636 di
1065 3583 1105 3637 lui
1118 3583 1320 3638 ottirnamente
1337 3583 1491 3655 impresso,
1505 3580 1606 3653 perche

388 3677 450 3732 l'ba
462 3676 535 3730 altre
548 3676 626 3730 uolte
639 3672 758 3738 ueduto,
773 3681 804 3728 et
817 3674 896 3727 m'ha
908 3672 939 3726 di
952 3672 992 3727 lui
1006 3671 1087 3726 udito
1105 3674 1227 3744 parlare,
1245 3670 1379 3726 hauendo
1396 3687 1470 3726 anco
1488 3671 1607 3742 rispetto

387 3763 498 3836 ch'egli
511 3763 554 3819 sia
567 3771 643 3819 stato
655 3779 692 3818 ne
706 3764 733 3817 le
747 3761 908 3817 trattationi
922 3760 951 3814 di
965 3761 1098 3829 Francia,
1112 3763 1140 3816 lo
1153 3760 1333 3832 aggiungera
1345 3758 1513 3816 facilmente
1526 3775 1605 3814 come

389 3855 418 3910 lo
430 3869 526 3924 uegga
538 3852 555 3907 a
567 3854 595 3907 la
608 3852 741 3924 predetta
753 3849 969 3905 consultatione
986 3849 1024 3904 de
1041 3849 1184 3920 theologi.

444 3941 506 3998 Che
519 3957 578 3996 non
591 3939 740 4010 seguendo
753 3945 868 4012 questo,
882 3938 964 4010 potrh
982 3938 1159 3994 nondimeno
1178 3955 1244 3994 esso
1261 3937 1355 3993 Padre
1373 3936 1435 3992 fare
1451 3936 1488 3992 da
1506 3953 1538 3991 se
1554 3952 1607 3990 con

390 4029 559 4089 l’occasioni
576 4028 654 4085 ch’io
671 4029 691 4084 li
709 4025 860 4096 mostrarb,
880 4027 962 4082 molti
980 4027 1049 4082 boni
1067 4027 1162 4095 offitii,
1181 4044 1240 4082 nos
1253 4028 1316 4083 solo
1328 4043 1385 4081 con
1405 4028 1434 4082 la
1453 4025 1609 4082 medesima

390 4121 513 4192 Maesti,
527 4137 574 4174 ma
585 4121 630 4174 col
644 4117 827 4173 franciscano
840 4132 893 4172 suo
905 4118 1056 4188 spagnolo,
1070 4124 1102 4170 et
1113 4115 1191 4170 forsa
1203 4131 1310 4171 ancora
1323 4115 1368 4170 col
1382 4114 1529 4187 Staphilo.

443 4212 507 4266 Elle
519 4209 637 4281 dunque
651 4208 675 4262 si
688 4207 916 4276 rissolueranno,
931 4222 1013 4261 come
1031 4205 1131 4279 pareri
1149 4223 1166 4259 a
1182 4207 1210 4261 la
1228 4206 1289 4260 loro
1308 4203 1461 4276 sapientia:
1480 4205 1538 4260 ben
1550 4219 1611 4258 cre·

385 4301 470 4356 derel
484 4316 565 4355 esser
577 4297 614 4353 da
626 4313 782 4368 procurare
795 4298 850 4351 che
864 4294 1000 4351 douendo
1013 4295 1031 4350 il
1046 4294 1128 4351 detto
1141 4295 1230 4366 padre
1248 4293 1361 4365 uenire,
1375 4301 1458 4365 parta
1475 4301 1505 4348 et
1518 4307 1610 4362 uenga

390 4406 478 4446 senza
490 4387 612 4461 perdere
625 4385 709 4442 oncia
722 4384 751 4440 di
766 4393 866 4457 tempo
880 4393 911 4440 et
923 4384 966 4440 sia
983 4385 1033 4458 qui
1051 4385 1078 4439 al
1092 4383 1142 4456 piu
1154 4385 1253 4454 longo,
1268 4400 1320 4455 per
1332 4390 1410 4439 tutto
1423 4382 1443 4439 il
1457 4381 1507 4454 xvj
1520 4399 1537 4436 o
1551 4379 1607 4453 xvij

386 4479 437 4534 del
451 4483 613 4550 presente..
643 4476 689 4530 Da
701 4475 855 4546 lnspruch,
869 4473 917 4528 alli
931 4473 959 4544 xj
974 4472 1004 4528 di
1017 4475 1144 4528 Febraro
1165 4469 1244 4540 1563.

445 4567 496 4622 Sul
509 4565 592 4621 finire
605 4564 635 4620 di
647 4574 762 4637 questa,
776 4562 911 4618 hauendo
930 4562 958 4619 io
977 4562 1113 4618 mandato
1130 4580 1181 4635 per
1199 4563 1271 4617 altre
1289 4577 1388 4631 cause,
1407 4561 1427 4615 il
1445 4558 1608 4632 sopradetto

389 4657 529 4725 theologo
543 4654 599 4710 mio
612 4656 638 4710 al
651 4653 748 4709 dottor
761 4652 873 4724 Seldio,
885 4654 967 4723 gl'ha
984 4653 1077 4720 detto,
1090 4653 1145 4708 che
1163 4651 1243 4707 tiene
1260 4667 1395 4722 espressa
1406 4647 1608 4705 commissione
