3634 5396
734 434 904 492 Arrnuutx
1373 437 1460 516 665,

204 597 319 656 tamen
339 587 373 653 in
395 589 482 654 Deo.
505 589 700 668 Caeterum,
724 585 790 654 nisi
816 586 1008 654 emendatio
1031 588 1144 673 aliqua
1170 589 1297 658 decreti
1323 591 1427 659 huius

204 675 304 742 tuerit
321 687 517 757 consecuta,
540 676 715 744 discedere
735 675 834 744 nobis
854 686 985 744 certum
1000 686 1064 744 est.
1087 679 1212 744 Rdum.
1231 679 1271 744 P.
1298 681 1425 746 Amol-

203 765 285 832 dum
300 763 405 831 habui
421 765 457 830 in
478 764 641 832 comitatu
662 785 754 846 meo,
776 786 877 850 quem
893 766 938 831 de
958 767 1136 833 uoluntate
1158 767 1268 834 Patris
1284 768 1427 836 rectoris

202 853 306 920 michi
321 853 554 934 adiunxeram,
574 864 612 920 ut
627 865 718 922 esset
734 852 790 920 hic
806 851 907 920 michi
924 854 1061 921 asacris
1073 855 1247 922 faciendis.
1266 857 1299 922 ls
1310 867 1425 924 autem

203 953 238 1009 et
253 939 309 1028 pie
324 953 359 1010 et
379 941 537 1030 religiose
557 963 594 1008 se
614 941 737 1030 gessit,
760 952 799 1008 ut
818 941 920 1008 michi
942 965 1014 1008 non
1033 943 1182 1028 potuerit
1203 946 1269 1010 hoc
1288 945 1426 1014 nomine

202 1032 302 1098 ualde
317 1034 441 1098 charus
456 1053 525 1096 non
541 1051 628 1099 esse.
647 1030 823 1099 Maluisset
839 1042 953 1097 autem
973 1030 1009 1098 in
1029 1031 1158 1099 ltaliam
1178 1032 1291 1118 potius
1307 1057 1424 1103 reuer-

202 1119 239 1200 ti,
257 1141 359 1205 quam
376 1119 469 1188 abire
488 1120 524 1186 in
539 1118 744 1200 Flandriam,
762 1118 894 1200 multis,
918 1130 956 1185 ut
976 1119 1048 1205 ipse
1068 1120 1169 1188 michi
1193 1123 1359 1203 narrauit,
1381 1125 1424 1191 de

200 1207 325 1289 causis3
343 1209 578 1293 sedquoniam
594 1211 679 1277 haec
695 1218 747 1275 est
763 1207 974 1293 superiorum
995 1208 1070 1276 eius
1085 1211 1261 1291 uoluntas,
1280 1222 1319 1277 ut
1334 1231 1371 1278 se
1388 1211 1424 1278 in

202 1295 381 1383 Belgicum
402 1297 559 1383 recipiat,
579 1297 680 1366 faciet
695 1319 764 1362 non
780 1296 948 1384 grauatim
965 1298 1056 1382 quod
1076 1300 1269 1366 mandatur.
1291 1301 1425 1368 lnterea

158 1395 161 1398 ⁴
201 1389 241 1453 Ρ.
257 1387 368 1454 Vtrae
387 1385 486 1452 simul
499 1397 534 1452 et
547 1389 644 1452 Rmo.
659 1385 799 1452 domino
811 1385 937 1452 vicario
949 1385 1043 1452 illum
1056 1387 1237 1474 diligenter
1249 1409 1424 1458 commen-

200 1475 256 1554 do,
275 1485 378 1559 atque
395 1485 433 1540 ut
449 1496 527 1542 eum
543 1473 780 1542 beneuolentia
796 1495 859 1540 sua
873 1484 1082 1560 paternaque
1093 1475 1331 1545 benedictione
1343 1499 1423 1564 pro-

199 1563 296 1648 sequi
312 1562 432 1652 uelint,
450 1585 585 1646 quaeso.
605 1564 708 1648 Quod
726 1574 878 1649 preterea
893 1563 1051 1646 scribam,
1070 1565 1135 1630 hoc
1152 1574 1303 1666 tempore
1319 1565 1423 1633 nichil

199 1664 262 1720 est.
283 1653 377 1738 Opto
390 1655 429 1718 Ρ.
446 1654 567 1720 me
579 1651 639 1718 diu
652 1673 726 1720 esse
738 1651 941 1718 incolumem
955 1662 990 1720 et
1003 1652 1167 1734 foelicem,
1182 1675 1281 1720 curus
1292 1676 1346 1722 me
1359 1654 1423 1741 piis
1458 1715 1467 1734 ,

200 1740 360 1826 precibus
372 1751 407 1808 et
419 1740 593 1807 sacrificiis
604 1742 818 1808 commendo.
831 1742 959 1808 Datum
972 1741 1199 1822 Petricouiae,
1217 1741 1273 1810 die
1285 1765 1306 1807 v
1319 1743 1422 1829 Apri-

198 1829 241 1896 lis
256 1851 346 1896 anno
361 1829 499 1896 Domini
517 1851 710 1897 rr.n.n.x.v.

264 1919 345 1984 Alia
360 1939 479 1984 manu:
495 1918 563 1986 Vbi
579 1919 656 2002 plus
672 1917 731 1984 otii
747 1938 767 1983 a
782 1916 928 2002 publicis
939 1917 1218 2003 occupationibus
1231 1920 1327 1986 fuero
1339 1941 1417 1986 con·

196 2017 376 2091 sequutus,
394 2005 538 2073 scribam
555 2006 721 2092 pluribus.
741 2008 842 2072 Nunc
862 2006 1065 2074 breuitatem
1088 2009 1177 2072 hanc
1197 2007 1281 2074 boni
1296 2029 1421 2075 consu-

196 2097 269 2160 lant
296 2098 337 2162 P.
368 2098 498 2177 Vme,
528 2107 563 2161 et
590 2117 651 2182 pro
678 2115 733 2162 me
759 2096 872 2163 Deum
900 2093 1051 2180 praecari
1081 2117 1151 2162 non
1182 2094 1418 2166 intermittant.

198 2185 239 2250 P.
260 2185 370 2251 Vtrae
391 2185 494 2251 frater
509 2182 545 2250 in
562 2183 710 2266 Christ0,

501 2274 741 2352 Sriursnnus,
768 2291 985 2356 eunomius
1010 2291 1241 2340 vnnrrrnusrs.

264 2361 446 2446 Inscriptio
461 2363 500 2426 in
512 2367 638 2446 quarta
649 2361 799 2448 pagina:
810 2361 896 2426 Rdo.
914 2359 1018 2440 Patri,
1033 2360 1171 2427 domino
1183 2361 1314 2450 jacobo
1329 2363 1337 2394 ¹
1353 2363 1417 2428 Po-

194 2450 308 2528 lanco,
341 2470 458 2518 sacrae
490 2449 681 2536 theologiae
711 2448 842 2515 doctori
871 2460 906 2515 et
933 2448 1115 2517 Societatis
1137 2453 1221 2537 Jesu
1253 2451 1421 2516 cancella-

194 2537 258 2619 n'o,
276 2549 358 2618 etc,
375 2537 411 2604 in
428 2539 565 2606 Christo
581 2537 779 2605 charissimo
797 2548 832 2606 et
847 2539 1061 2605 honorando.
1079 2539 1160 2604 Alia
1176 2559 1296 2604 manu:
1315 2539 1415 2623 1565.

194 2625 421 2696 Petricouiae.
441 2627 631 2695 Cardinalis
645 2625 858 2696 varmiensis
877 2627 908 2693 V
926 2626 1065 2713 Aprilis.
1088 2627 1207 2716 Sigilli
1221 2629 1418 2714 vestigium.

751 2849 868 2924 XLIX,

621 2989 781 3047 ursuni
800 2987 993 3046 succum

540 3127 679 3176 seuero
703 3125 901 3174 runucrsco
919 3125 1079 3174 acroma

494 3243 689 3328 Augustae,
725 3255 766 3324 25
799 3238 929 3325 Aprilis
965 3239 1048 3322 1565
1080 3239 1109 3303 ¹.

194 3373 314 3429 Canisii
324 3375 457 3430 absentia
467 3378 680 3430 commovetur.
690 3373 772 3427 Eum
780 3371 966 3428 Germaniae
976 3372 1098 3427 restitui
1099 3371 1247 3444 postulat:
1258 3371 1418 3434 maritum,

379 3445 473 3517 filios,
487 3449 581 3500 totam
585 3445 749 3518 familiam
761 3461 850 3498 ruam
864 3443 999 3516 Borgioe
1013 3444 1211 3536 commendat.

799 3559 822 3648 l

262 3697 335 3762 Pax
346 3697 429 3784 Jesu
445 3695 572 3762 Christi
589 3694 778 3761 nobiscum.
794 3693 990 3760 Admodum
1003 3693 1087 3760 Rde.
1103 3692 1138 3758 in
1150 3691 1287 3759 Christo
1300 3693 1413 3760 Pater.

261 3787 341 3852 Non
353 3784 449 3870 potui
464 3783 675 3851 committere
691 3782 815 3864 isthuc,
834 3780 979 3847 maxime
1002 3784 1103 3848 Patre
1124 3782 1209 3848 Rdo.
1236 3783 1327 3847 Dno.
1349 3783 1416 3848 Pe-

195 3873 391 3940 troCanisio
404 3872 651 3959 proficiscente,
666 3868 940 3960 (cuiusequidem
954 3879 1047 3936 tanta
1059 3869 1212 3938 absentia
1220 3891 1291 3935 non
1303 3880 1417 3955 potest

195 3983 266 4028 non
286 3972 320 4030 et
339 3985 393 4029 me
413 3983 576 4046 meosque
595 3971 630 4028 et
650 3969 861 4046 augustanos
883 3981 1001 4026 omnes
1022 3957 1173 4045 grauiter
1190 3959 1416 4045 commouere)
1514 4035 1523 4054 ι

195 4049 278 4135 quin
291 4060 384 4117 tuam
397 4052 517 4119 Rdam.
531 4048 775 4118 Paternitatem
786 4047 879 4129 mihi,
889 4047 968 4113 licet
977 4068 1118 4132 corpore
1128 4046 1294 4133 ignotam,
1305 4047 1418 4114 animo

195 4160 280 4207 uero
295 4150 413 4206 notam
437 4139 593 4220 maxime,
613 4159 714 4224 quam
730 4147 765 4204 et
780 4148 954 4222 parentem
977 4135 1013 4202 in
1033 4135 1170 4203 Christo
1191 4156 1305 4201 meum
1321 4157 1417 4202 com-

195 4230 325 4315 plector
345 4227 510 4315 inprimis,
532 4227 650 4314 paucis
670 4227 863 4306 salutarem,
887 4245 927 4292 ac
947 4224 1050 4291 animi
1069 4225 1135 4292 mei
1154 4223 1417 4310 propensionem

250 4464 259 4496 ¹
296 4461 357 4530 Sic,
372 4459 558 4532 proJoanm'.

248 4535 260 4567 ¹
296 4533 341 4588 Ex
352 4533 522 4604 archetypo,
537 4531 567 4587 in
580 4531 681 4603 Epist.
699 4529 817 4594 Nalad,
836 4528 875 4598 ll,
888 4527 997 4602 duplici
1014 4527 1076 4593 fol„
1090 4543 1126 4598 99
1142 4531 1216 4598 (79).'
1228 4525 1304 4582 Vide
1319 4541 1418 4598 supra,

196 4619 264 4677 pag.
279 4619 343 4674 490,
356 4609 455 4659 annot.
472 4615 497 4658 1.
