3504 5386
381 483 434 542 474
801 471 912 526 Error.
932 469 966 522 P.
986 467 1191 538 Naum—340

381 623 463 690 uino
478 645 557 692 cum
574 621 655 710 ogni
677 621 818 703 chariti13
841 622 966 707 perche
987 621 1018 687 al
1039 619 1107 687 mio
1128 643 1246 707 parere
1266 621 1301 688 lo
1323 620 1454 704 merita,
1475 633 1508 688 et
1526 623 1583 688 ieri

381 760 481 827 spero
496 737 626 826 grande
643 739 761 818 butro,
779 759 847 804 non
864 735 1053 804 solamente
1068 737 1158 806 nella
1173 736 1400 823 Compagnia‚
1425 759 1480 806 ma
1496 737 1583 806 etiam
1709 835 1710 840 ἵ

379 857 501 923 adesso
516 853 551 920 in
567 863 688 938 questo
705 864 818 939 tempo
834 855 899 921 che
911 855 1001 920 stara
1012 851 1047 918 di
1060 853 1157 918 fuora
1168 852 1204 920 in
1220 850 1421 919 Wormatia:
1436 875 1510 920 cum
1521 873 1583 920 esso

378 971 503 1040 mando
520 991 579 1055 per
595 969 617 1034 ii
633 967 778 1056 collegio
794 967 829 1033 di
846 967 1027 1054 Moguntia
1041 989 1110 1034 vno
1129 961 1338 1048 coadiutore‚
1361 967 1385 1033 il
1406 971 1503 1052 quale
1521 973 1583 1038 sari

378 1085 415 1152 in
435 1094 557 1170 questo
572 1082 687 1170 viagio
708 1103 900 1169 compagno
919 1083 975 1150 dal
994 1083 1088 1150 detto
1109 1082 1288 1170 Phylippo‚
1311 1095 1347 1150 et
1367 1085 1386 1150 ὁ
1407 1084 1429 1149 il
1451 1084 1582 1151 Antonio

379 1199 492 1266 Vinck
508 1208 631 1286 nepote
647 1197 715 1264 mio
731 1219 774 1264 ex
787 1193 909 1288 [patre]
929 1200 936 1230 ¹
955 1199 1140 1264 secundum
1155 1219 1307 1266 carnem.

445 1319 476 1382 A
492 1319 605 1402 tergo:
628 1313 650 1400 †
674 1314 754 1381 Allo
770 1313 874 1380 molto
891 1315 973 1380 Rdo.
993 1313 1028 1378 in
1044 1314 1182 1381 Christo
1203 1316 1314 1382 Padre
1334 1315 1356 1380 il
1380 1319 1418 1382 P.
1443 1319 1487 1383 Μ.
1510 1313 1583 1382 Hie·
1710 1345 1711 1414 j

378 1430 509 1497 ronimo
536 1431 658 1510 Nadal,
687 1427 918 1496 commissario
945 1430 1106 1515 generale
1132 1430 1220 1496 della
1247 1430 1461 1517 Compagnia
1485 1430 1517 1496 di
1533 1431 1583 1517 Je-

376 1567 436 1612 sus
463 1555 545 1626 etc„
575 1544 610 1611 in
637 1546 800 1632 Augusto
828 1566 849 1608 o
876 1543 1027 1630 Dilinga.
1053 1545 1134 1610 Alia
1156 1567 1277 1612 manu:
1298 1543 1410 1635 [1563]
1437 1547 1580 1613 Treuere.

378 1663 417 1728 P.
434 1661 587 1728 Antonio
603 1659 726 1728 Vinck.
753 1678 775 1741 4
795 1659 829 1724 di
852 1659 1052 1726 Decembre.
1078 1662 1157 1726 Non
1174 1667 1265 1726 extat
1278 1663 1391 1748 sigilli
1405 1663 1580 1749 vestigium,

376 1778 435 1842 sed
450 1797 492 1842 ex
508 1778 682 1863 plicatura
702 1781 733 1840 ei
746 1775 997 1864 foraminibus,
1018 1796 1095 1841 cum
1112 1776 1328 1861 praecedenti
1347 1777 1483 1862 epistola
1502 1778 1581 1862 liga-

377 1899 446 1958 tam
463 1898 494 1958 at
508 1893 725 1980 obsignatam
738 1892 856 1979 sur'sse
875 1896 1028 1976 apparet.

937 2111 1029 2174 aaa
1084 2083 1090 2094 '

746 2265 779 2319 P.
799 2261 1047 2320 FRANCISCUS
1066 2263 1224 2360 SUNYEa

570 2407 754 2475 PATRI
789 2407 1163 2475 HIERONYMO
1200 2409 1408 2476 NADAL

717 2562 870 2616 mannan,
891 2547 925 2603 23
943 2561 1123 2606 nacnmnns
1145 2549 1212 2618 1563
1231 2556 1255 2604 Ξ.

409 2678 453 2732 De
464 2677 582 2731 ratione
592 2674 811 2730 reconciliandi
821 2675 992 2744 quemdam,
1004 2674 1135 2730 Ochoam
1145 2676 1277 2740 nomina,
1286 2694 1353 2731 cum
1366 2677 1402 2730 P.
1421 2675 1550 2732 Victoria.

440 2937 546 3003 Molto
564 2936 648 3001 Rdo.
671 2935 707 3001 in
724 2933 861 3002 Christo
881 2933 1002 3000 Padre.
1023 2937 1094 3000 Pax
1115 2935 1195 3020 Xpi.
1217 2946 1284 3002 etc.
1309 2938 1479 3004 Receuete
1502 2933 1578 3000 lade

372 3053 415 3118 V.
435 3053 475 3117 R.
494 3052 537 3118 de
552 3051 575 3116 li
597 3069 636 3116 10
651 3051 694 3117 de
715 3051 907 3118 Decembre
928 3051 953 3132 ⁸,
972 3059 1006 3115 et
1022 3049 1078 3136 gia
1099 3048 1133 3116 io
1149 3049 1256 3135 prima
1273 3051 1319 3116 mi
1335 3073 1393 3119 era
1412 3053 1579 3137 adoperato

371 3165 407 3231 in
423 3167 471 3231 far
490 3176 617 3251 quanto
632 3163 667 3230 in
684 3165 797 3250 quella
812 3164 859 3229 mi
872 3163 1047 3243 ordinem,
1065 3163 1139 3230 cioe
1155 3165 1353 3234 offerendoli
1369 3168 1402 3232 al
1417 3167 1529 3234 Ochoa
1541 3163 1578 3230 de

370 3291 464 3366 parte
479 3279 548 3346 mia
563 3281 676 3364 quello
692 3281 756 3345 che
772 3278 805 3344 io
820 3299 967 3366 posseua
982 3279 1018 3344 in
1033 3300 1098 3346 suo
1115 3279 1233 3366 agiuto
1249 3290 1284 3348 et
1302 3281 1431 3362 fauore3
1454 3302 1513 3367 pur
1525 3281 1579 3346 ha·

372 3395 484 3463 uendo
511 3404 673 3463 receuuta
700 3396 732 3459 la
751 3394 795 3461 de
815 3396 859 3461 V.
884 3396 941 3473 R.,
960 3414 1029 3459 non
1043 3395 1117 3460 solo
1132 3392 1173 3460 io
1185 3417 1239 3462 me
1262 3396 1285 3462 li
1308 3398 1444 3476 offerse‚
1463 3417 1512 3462 ma
1523 3415 1578 3462 an·

368 3513 474 3578 chora
488 3510 521 3576 la
536 3531 639 3596 opera
654 3510 709 3576 del
726 3513 766 3576 P.
786 3507 948 3588 Victoria,
972 3512 1146 3596 pensando
1166 3513 1242 3592 che,
1266 3533 1326 3597 per
1346 3514 1460 3596 quello
1476 3515 1532 3579 che
1545 3527 1577 3575 se

369 3624 392 3691 li
408 3625 597 3706 eraserim,
615 3647 684 3692 non
700 3625 926 3693 manearebbe
942 3622 977 3690 di
994 3625 1045 3691 iar
1059 3625 1142 3712 ogni
1158 3647 1238 3692 cosa
1254 3626 1349 3694 accib
1364 3627 1393 3693 si
1409 3629 1536 3696 sedasse
1549 3625 1576 3688 la

368 3742 439 3824 lite;
457 3752 492 3809 et
507 3743 577 3808 cosi
594 3739 639 3806 mi
653 3738 744 3808 disse
756 3740 878 3807 Ochoa
888 3742 954 3806 che
965 3739 994 3806 si
1007 3741 1271 3808 contentarebbe
1283 3761 1349 3808 con
1364 3753 1464 3811 cento
1478 3737 1574 3808 fiorini

369 3858 413 3924 de
428 3855 590 3942 pensione
605 3858 670 3924 che
683 3877 721 3922 se
736 3853 760 3921 li
775 3855 925 3946 desecto,
943 3855 1013 3922 fino
1029 3877 1049 3922 a
1065 3858 1129 3923 che
1140 3855 1164 3921 li
1177 3854 1280 3923 nobili
1292 3867 1441 3924 stassero
1455 3855 1506 3924 nel
1518 3873 1575 3920 suo

367 3971 525 4060 collegi0‚
544 3983 579 4040 et
593 3973 743 4038 anchora
758 3971 787 4038 si
805 3971 927 4038 uoleua
939 3970 1093 4057 obligare
1104 3993 1125 4037 a
1137 3971 1325 4057 proaedere
1336 3973 1458 4041 leenae
1468 3991 1575 4040 noces·

368 4086 455 4154 sarie
471 4085 507 4152 in
522 4107 655 4174 grossa,
677 4105 774 4153 come
790 4087 892 4171 lenya
908 4087 933 4165 ⁸,
956 4085 1048 4165 vino,
1066 4098 1102 4151 et
1117 4084 1205 4151 simil
1221 4106 1302 4154 cose
1323 4109 1385 4174 per
1404 4088 1429 4155 il
1446 4083 1577 4172 collegio

423 4327 432 4358 ¹
469 4325 610 4386 Abscissa
626 4327 743 4396 charta,
763 4339 852 4380 unum
870 4327 994 4380 verbnm
1012 4323 1212 4398 desideratur,
1229 4327 1308 4401 quod
1325 4329 1511 4404 supplendum
1528 4329 1575 4384 hoc

366 4415 485 4471 nomine
494 4417 584 4487 patre
597 4412 746 4484 duximus,
759 4429 797 4468 ex
809 4413 985 4484 cognomine
998 4413 1106 4486 Vinck,
1119 4413 1248 4487 nepotis,
1260 4416 1299 4474 de
1312 4435 1371 4492 quo
1384 4424 1540 4476 mat.

419 4507 431 4540 ²
468 4501 512 4558 Ex
525 4503 718 4574 autographo,
731 4503 761 4557 in
777 4501 853 4558 Cod.
870 4517 908 4572 29
921 4503 959 4574 c),
974 4501 1084 4575 duplici
1097 4502 1153 4560 iol.
1167 4516 1186 4573 7
1199 4503 1291 4576 (232).

418 4593 433 4628 ¹
467 4591 769 4648 {huhbemum

419 4685 433 4716 ⁸
467 4679 594 4754 Semo
607 4680 714 4756 lagno.
