<?xml version="1.0" encoding="UTF-8"?>
<!DOCTYPE html PUBLIC "-//W3C//DTD XHTML 1.0 Transitional//EN"
    "http://www.w3.org/TR/xhtml1/DTD/xhtml1-transitional.dtd">
<html xmlns="http://www.w3.org/1999/xhtml" xml:lang="en" lang="en">
 <head>
  <title>
</title>
<meta http-equiv="Content-Type" content="text/html;charset=utf-8" />
  <meta name='ocr-system' content='tesseract 3.04.00' />
  <meta name='ocr-capabilities' content='ocr_page ocr_carea ocr_par ocr_line ocrx_word'/>
</head>
<body>
  <div class='ocr_page' id='page_1' title='image "./epistolaephiero00nadagoog_0040.png"; bbox 0 0 3666 5384; ppageno 0'>
   <div class='ocr_carea' id='block_1_1' title="bbox 2 16 602 179">
    <p class='ocr_par' dir='ltr' id='par_1_1' title="bbox 2 16 602 179">
     <span class='ocr_line' id='line_1_1' title="bbox 2 16 602 179; baseline -0.005 -57"><span class='ocrx_word' id='word_1_1' title='bbox 2 16 602 179; x_wconf 48' lang='lat' dir='ltr'>*r*</span> 
     </span>
    </p>
   </div>
   <div class='ocr_carea' id='block_1_2' title="bbox 783 505 1424 582">
    <p class='ocr_par' dir='ltr' id='par_1_2' title="bbox 783 505 1424 582">
     <span class='ocr_line' id='line_1_2' title="bbox 783 505 1424 582; baseline -0.005 0"><span class='ocrx_word' id='word_1_2' title='bbox 783 505 851 582; x_wconf 78' lang='lat'>1557</span> <span class='ocrx_word' id='word_1_3' title='bbox 1392 511 1424 568; x_wconf 88' lang='lat'>1³</span> 
     </span>
    </p>
   </div>
   <div class='ocr_carea' id='block_1_3' title="bbox 196 663 1436 4444">
    <p class='ocr_par' dir='ltr' id='par_1_3' title="bbox 196 663 1427 1540">
     <span class='ocr_line' id='line_1_3' title="bbox 196 663 1423 752; baseline -0.002 -18"><span class='ocrx_word' id='word_1_4' title='bbox 196 686 278 734; x_wconf 82' lang='lat' dir='ltr'>esse</span> <span class='ocrx_word' id='word_1_5' title='bbox 290 664 327 731; x_wconf 92' lang='lat' dir='ltr'>in</span> <span class='ocrx_word' id='word_1_6' title='bbox 343 663 543 752; x_wconf 79' lang='lat' dir='ltr'>Hispaniam</span> <span class='ocrx_word' id='word_1_7' title='bbox 563 665 727 748; x_wconf 81' lang='lat' dir='ltr'>eundum3</span> <span class='ocrx_word' id='word_1_8' title='bbox 744 664 805 732; x_wconf 89' lang='lat' dir='ltr'>sed</span> <span class='ocrx_word' id='word_1_9' title='bbox 824 664 908 732; x_wconf 91' lang='lat' dir='ltr'>illud</span> <span class='ocrx_word' id='word_1_10' title='bbox 924 664 1089 747; x_wconf 89' lang='lat' dir='ltr'>additum,</span> <span class='ocrx_word' id='word_1_11' title='bbox 1101 676 1139 731; x_wconf 92' lang='lat' dir='ltr'>vt</span> <span class='ocrx_word' id='word_1_12' title='bbox 1150 665 1423 750; x_wconf 90' lang='lat' dir='ltr'>quandoquidem</span> 
     </span>
     <span class='ocr_line' id='line_1_4' title="bbox 196 778 1422 867; baseline 0 -19"><span class='ocrx_word' id='word_1_13' title='bbox 196 781 268 848; x_wconf 87' lang='lat' dir='ltr'>alia</span> <span class='ocrx_word' id='word_1_14' title='bbox 284 781 328 848; x_wconf 90' lang='lat' dir='ltr'>de</span> <span class='ocrx_word' id='word_1_15' title='bbox 344 802 381 848; x_wconf 92' lang='lat' dir='ltr'>re</span> <span class='ocrx_word' id='word_1_16' title='bbox 396 791 488 849; x_wconf 74' lang='lat' dir='ltr'>esset</span> <span class='ocrx_word' id='word_1_17' title='bbox 503 781 740 867; x_wconf 89' lang='lat' dir='ltr'>alloquuturus</span> <span class='ocrx_word' id='word_1_18' title='bbox 753 783 855 849; x_wconf 89' lang='lat' dir='ltr'>Pater</span> <span class='ocrx_word' id='word_1_19' title='bbox 870 778 1018 846; x_wconf 89' lang='lat' dir='ltr'>vicarius</span> <span class='ocrx_word' id='word_1_20' title='bbox 1033 801 1203 847; x_wconf 89' lang='lat' dir='ltr'>summum</span> <span class='ocrx_word' id='word_1_21' title='bbox 1215 779 1422 866; x_wconf 88' lang='lat' dir='ltr'><strong>pontificem,</strong></span> 
     </span>
     <span class='ocr_line' id='line_1_5' title="bbox 197 893 1425 982; baseline 0 -18"><span class='ocrx_word' id='word_1_22' title='bbox 197 895 316 964; x_wconf 87' lang='lat' dir='ltr'>obiter</span> <span class='ocrx_word' id='word_1_23' title='bbox 334 897 377 963; x_wconf 91' lang='lat' dir='ltr'>de</span> <span class='ocrx_word' id='word_1_24' title='bbox 397 895 455 962; x_wconf 89' lang='lat' dir='ltr'>illa</span> <span class='ocrx_word' id='word_1_25' title='bbox 474 893 686 981; x_wconf 88' lang='lat' dir='ltr'>profectione</span> <span class='ocrx_word' id='word_1_26' title='bbox 705 895 891 982; x_wconf 87' lang='lat' dir='ltr'>attingeret</span> <span class='ocrx_word' id='word_1_27' title='bbox 916 894 1060 980; x_wconf 85' lang='lat' dir='ltr'>aliquid,</span> <span class='ocrx_word' id='word_1_28' title='bbox 1084 916 1152 981; x_wconf 94' lang='lat' dir='ltr'>quo</span> <span class='ocrx_word' id='word_1_29' title='bbox 1179 895 1329 963; x_wconf 88' lang='lat' dir='ltr'>animum</span> <span class='ocrx_word' id='word_1_30' title='bbox 1351 895 1425 964; x_wconf 91' lang='lat' dir='ltr'>eius</span> 
     </span>
     <span class='ocr_line' id='line_1_6' title="bbox 196 1008 1426 1098; baseline -0.003 -18"><span class='ocrx_word' id='word_1_31' title='bbox 196 1013 408 1098; x_wconf 81' lang='lat' dir='ltr'>exploraret,</span> <span class='ocrx_word' id='word_1_32' title='bbox 426 1009 511 1076; x_wconf 89' lang='lat' dir='ltr'>nihil</span> <span class='ocrx_word' id='word_1_33' title='bbox 526 1008 630 1078; x_wconf 87' lang='lat' dir='ltr'>aliud.</span> <span class='ocrx_word' id='word_1_34' title='bbox 650 1009 825 1077; x_wconf 87' lang='lat' dir='ltr'>Pontificis</span> <span class='ocrx_word' id='word_1_35' title='bbox 840 1009 947 1097; x_wconf 86' lang='lat' dir='ltr'>igitur</span> <span class='ocrx_word' id='word_1_36' title='bbox 962 1010 1096 1078; x_wconf 91' lang='lat' dir='ltr'>animus</span> <span class='ocrx_word' id='word_1_37' title='bbox 1111 1032 1153 1078; x_wconf 85' lang='lat' dir='ltr'>ex</span> <span class='ocrx_word' id='word_1_38' title='bbox 1165 1009 1218 1077; x_wconf 92' lang='lat' dir='ltr'>his</span> <span class='ocrx_word' id='word_1_39' title='bbox 1230 1009 1426 1098; x_wconf 89' lang='lat' dir='ltr'>conijci&#39;po-</span> 
     </span>
     <span class='ocr_line' id='line_1_7' title="bbox 198 1123 1425 1212; baseline 0 -18"><span class='ocrx_word' id='word_1_40' title='bbox 198 1127 284 1208; x_wconf 85' lang='lat' dir='ltr'>tuit,</span> <span class='ocrx_word' id='word_1_41' title='bbox 301 1149 379 1198; x_wconf 88' lang='lat' dir='ltr'>nam</span> <span class='ocrx_word' id='word_1_42' title='bbox 401 1125 549 1212; x_wconf 92' lang='lat' dir='ltr'>primum</span> <span class='ocrx_word' id='word_1_43' title='bbox 569 1123 756 1212; x_wconf 82' lang='lat' dir='ltr'>respondit:</span> <span class='ocrx_word' id='word_1_44' title='bbox 782 1127 850 1192; x_wconf 88' lang='lat' dir='ltr'>«Ite</span> <span class='ocrx_word' id='word_1_45' title='bbox 866 1124 895 1192; x_wconf 91' lang='lat' dir='ltr'>si</span> <span class='ocrx_word' id='word_1_46' title='bbox 910 1125 1022 1192; x_wconf 88' lang='lat' dir='ltr'>velitis</span> <span class='ocrx_word' id='word_1_47' title='bbox 1037 1125 1073 1192; x_wconf 92' lang='lat' dir='ltr'>in</span> <span class='ocrx_word' id='word_1_48' title='bbox 1089 1125 1323 1212; x_wconf 74' lang='lat' dir='ltr'>Hispaniam:</span> <span class='ocrx_word' id='word_1_49' title='bbox 1341 1129 1425 1194; x_wconf 93' lang='lat' dir='ltr'>sub-</span> 
     </span>
     <span class='ocr_line' id='line_1_8' title="bbox 197 1239 1427 1329; baseline -0.001 -20"><span class='ocrx_word' id='word_1_50' title='bbox 197 1242 303 1309; x_wconf 87' lang='lat' dir='ltr'><strong>didit:</strong></span> <span class='ocrx_word' id='word_1_51' title='bbox 328 1243 409 1310; x_wconf 74' lang='lat' dir='ltr'>«sed</span> <span class='ocrx_word' id='word_1_52' title='bbox 428 1241 512 1329; x_wconf 93' lang='lat' dir='ltr'>quid</span> <span class='ocrx_word' id='word_1_53' title='bbox 532 1241 615 1311; x_wconf 85' lang='lat' dir='ltr'>estis</span> <span class='ocrx_word' id='word_1_54' title='bbox 635 1239 744 1308; x_wconf 88' lang='lat' dir='ltr'>acturi</span> <span class='ocrx_word' id='word_1_55' title='bbox 768 1241 803 1306; x_wconf 94' lang='lat' dir='ltr'>in</span> <span class='ocrx_word' id='word_1_56' title='bbox 830 1240 1016 1327; x_wconf 76' lang='lat' dir='ltr'>Hispania?</span> <span class='ocrx_word' id='word_1_57' title='bbox 1038 1263 1121 1308; x_wconf 92' lang='lat' dir='ltr'>num</span> <span class='ocrx_word' id='word_1_58' title='bbox 1148 1243 1191 1310; x_wconf 88' lang='lat' dir='ltr'>ad</span> <span class='ocrx_word' id='word_1_59' title='bbox 1217 1241 1365 1310; x_wconf 87' lang='lat' dir='ltr'>schisma</span> <span class='ocrx_word' id='word_1_60' title='bbox 1391 1253 1427 1313; x_wconf 88' lang='lat' dir='ltr'>et</span> 
     </span>
     <span class='ocr_line' id='line_1_9' title="bbox 196 1355 1427 1443; baseline 0 -19"><span class='ocrx_word' id='word_1_61' title='bbox 196 1357 372 1426; x_wconf 83' lang='lat' dir='ltr'>haeresim</span> <span class='ocrx_word' id='word_1_62' title='bbox 385 1355 534 1443; x_wconf 91' lang='lat' dir='ltr'>Philippi</span> <span class='ocrx_word' id='word_1_63' title='bbox 544 1357 649 1423; x_wconf 91' lang='lat' dir='ltr'>vultis</span> <span class='ocrx_word' id='word_1_64' title='bbox 661 1356 884 1426; x_wconf 73' lang='lat' dir='ltr'>concederet»</span> <span class='ocrx_word' id='word_1_65' title='bbox 896 1356 1236 1442; x_wconf 74' lang='lat' dir='ltr'>«Nolumuso,inquit</span> <span class='ocrx_word' id='word_1_66' title='bbox 1247 1357 1427 1426; x_wconf 86' lang='lat' dir='ltr'>subridens</span> 
     </span>
     <span class='ocr_line' id='line_1_10' title="bbox 198 1472 366 1540; baseline 0 0"><span class='ocrx_word' id='word_1_67' title='bbox 198 1472 366 1540; x_wconf 81' lang='lat' dir='ltr'>vicarius</span> 
     </span>
    </p>

    <p class='ocr_par' dir='ltr' id='par_1_4' title="bbox 196 1585 1433 3618">
     <span class='ocr_line' id='line_1_11' title="bbox 271 1585 1426 1675; baseline 0 -19"><span class='ocrx_word' id='word_1_68' title='bbox 271 1587 363 1656; x_wconf 91' lang='lat' dir='ltr'>Dein</span> <span class='ocrx_word' id='word_1_69' title='bbox 375 1586 494 1674; x_wconf 87' lang='lat' dir='ltr'>paucis</span> <span class='ocrx_word' id='word_1_70' title='bbox 505 1587 639 1671; x_wconf 88' lang='lat' dir='ltr'>diebus,</span> <span class='ocrx_word' id='word_1_71' title='bbox 654 1588 779 1672; x_wconf 91' lang='lat' dir='ltr'>quibus</span> <span class='ocrx_word' id='word_1_72' title='bbox 794 1589 802 1620; x_wconf 80' lang='lat'><strong>¹</strong></span> <span class='ocrx_word' id='word_1_73' title='bbox 824 1585 830 1674; x_wconf 93' lang='grc' dir='ltr'>Ι</span> <span class='ocrx_word' id='word_1_74' title='bbox 849 1585 944 1656; x_wconf 90' lang='lat' dir='ltr'>venit</span> <span class='ocrx_word' id='word_1_75' title='bbox 956 1589 1098 1654; x_wconf 85' lang='lat' dir='ltr'>Romam</span> <span class='ocrx_word' id='word_1_76' title='bbox 1115 1587 1230 1671; x_wconf 89' lang='lat' dir='ltr'>frater,</span> <span class='ocrx_word' id='word_1_77' title='bbox 1249 1610 1350 1675; x_wconf 92' lang='lat' dir='ltr'>quem</span> <span class='ocrx_word' id='word_1_78' title='bbox 1363 1589 1426 1656; x_wconf 90' lang='lat' dir='ltr'>mi-</span> 
     </span>
     <span class='ocr_line' id='line_1_12' title="bbox 199 1701 1429 1783; baseline -0.002 -11"><span class='ocrx_word' id='word_1_79' title='bbox 199 1713 300 1772; x_wconf 86' lang='lat' dir='ltr'>serat</span> <span class='ocrx_word' id='word_1_80' title='bbox 315 1705 355 1770; x_wconf 93' lang='lat' dir='ltr'>P.</span> <span class='ocrx_word' id='word_1_81' title='bbox 378 1701 595 1783; x_wconf 79' lang='lat' dir='ltr'>FranciscuS,</span> <span class='ocrx_word' id='word_1_82' title='bbox 614 1711 649 1770; x_wconf 89' lang='lat' dir='ltr'>et</span> <span class='ocrx_word' id='word_1_83' title='bbox 668 1702 811 1771; x_wconf 88' lang='lat' dir='ltr'>aderant</span> <span class='ocrx_word' id='word_1_84' title='bbox 830 1701 897 1768; x_wconf 90' lang='lat' dir='ltr'>iam</span> <span class='ocrx_word' id='word_1_85' title='bbox 915 1703 955 1768; x_wconf 92' lang='lat' dir='ltr'>P.</span> <span class='ocrx_word' id='word_1_86' title='bbox 977 1701 1108 1782; x_wconf 89' lang='lat' dir='ltr'>Simon,</span> <span class='ocrx_word' id='word_1_87' title='bbox 1133 1705 1172 1770; x_wconf 93' lang='lat' dir='ltr'>P.</span> <span class='ocrx_word' id='word_1_88' title='bbox 1188 1706 1429 1773; x_wconf 90' lang='lat' dir='ltr'>Domenechus</span> 
     </span>
     <span class='ocr_line' id='line_1_13' title="bbox 197 1817 1429 1900; baseline -0.001 -14"><span class='ocrx_word' id='word_1_89' title='bbox 197 1830 238 1886; x_wconf 91' lang='lat' dir='ltr'>et</span> <span class='ocrx_word' id='word_1_90' title='bbox 252 1823 289 1886; x_wconf 96' lang='grc' dir='ltr'>Ρ.</span> <span class='ocrx_word' id='word_1_91' title='bbox 306 1817 486 1898; x_wconf 86' lang='lat' dir='ltr'>Vinchius,</span> <span class='ocrx_word' id='word_1_92' title='bbox 501 1817 612 1884; x_wconf 91' lang='lat' dir='ltr'>visum</span> <span class='ocrx_word' id='word_1_93' title='bbox 624 1827 677 1884; x_wconf 87' lang='lat' dir='ltr'>est</span> <span class='ocrx_word' id='word_1_94' title='bbox 692 1817 736 1884; x_wconf 93' lang='lat' dir='ltr'>de</span> <span class='ocrx_word' id='word_1_95' title='bbox 747 1818 866 1886; x_wconf 89' lang='lat' dir='ltr'>eadem</span> <span class='ocrx_word' id='word_1_96' title='bbox 879 1839 916 1885; x_wconf 93' lang='lat' dir='ltr'>re</span> <span class='ocrx_word' id='word_1_97' title='bbox 927 1817 995 1884; x_wconf 89' lang='lat' dir='ltr'>dici</span> <span class='ocrx_word' id='word_1_98' title='bbox 1006 1817 1130 1886; x_wconf 92' lang='lat' dir='ltr'>iterum</span> <span class='ocrx_word' id='word_1_99' title='bbox 1142 1819 1341 1900; x_wconf 74' lang='lat' dir='ltr'>sententiae,</span> <span class='ocrx_word' id='word_1_100' title='bbox 1356 1831 1429 1888; x_wconf 93' lang='lat' dir='ltr'>tum</span> 
     </span>
     <span class='ocr_line' id='line_1_14' title="bbox 198 1931 1429 2022; baseline 0 -22"><span class='ocrx_word' id='word_1_101' title='bbox 198 1945 345 2022; x_wconf 89' lang='lat' dir='ltr'>propter</span> <span class='ocrx_word' id='word_1_102' title='bbox 361 1954 470 2001; x_wconf 87' lang='lat' dir='ltr'>nouas</span> <span class='ocrx_word' id='word_1_103' title='bbox 489 1953 611 2000; x_wconf 87' lang='lat' dir='ltr'>causas</span> <span class='ocrx_word' id='word_1_104' title='bbox 629 1943 665 1999; x_wconf 87' lang='lat' dir='ltr'>et</span> <span class='ocrx_word' id='word_1_105' title='bbox 684 1931 811 2011; x_wconf 84' lang='lat' dir='ltr'>literas,</span> <span class='ocrx_word' id='word_1_106' title='bbox 829 1954 915 2018; x_wconf 91' lang='lat' dir='ltr'>quas</span> <span class='ocrx_word' id='word_1_107' title='bbox 935 1953 1050 2000; x_wconf 89' lang='lat' dir='ltr'>secum</span> <span class='ocrx_word' id='word_1_108' title='bbox 1075 1936 1235 2001; x_wconf 87' lang='lat' dir='ltr'>attulerat</span> <span class='ocrx_word' id='word_1_109' title='bbox 1255 1935 1358 2002; x_wconf 90' lang='lat' dir='ltr'>frater</span> <span class='ocrx_word' id='word_1_110' title='bbox 1372 1935 1429 2001; x_wconf 92' lang='lat' dir='ltr'>ille</span> 
     </span>
     <span class='ocr_line' id='line_1_15' title="bbox 198 2046 1432 2136; baseline 0.001 -18"><span class='ocrx_word' id='word_1_111' title='bbox 198 2048 447 2136; x_wconf 91' lang='lat' dir='ltr'>hispaniensis,</span> <span class='ocrx_word' id='word_1_112' title='bbox 471 2058 506 2117; x_wconf 89' lang='lat' dir='ltr'>et</span> <span class='ocrx_word' id='word_1_113' title='bbox 528 2046 707 2136; x_wconf 85' lang='lat' dir='ltr'>grauiores</span> <span class='ocrx_word' id='word_1_114' title='bbox 730 2048 867 2134; x_wconf 91' lang='lat' dir='ltr'>quidem</span> <span class='ocrx_word' id='word_1_115' title='bbox 890 2071 1004 2134; x_wconf 91' lang='lat' dir='ltr'>quam,</span> <span class='ocrx_word' id='word_1_116' title='bbox 1019 2069 1107 2135; x_wconf 88' lang='lat' dir='ltr'>quae</span> <span class='ocrx_word' id='word_1_117' title='bbox 1129 2048 1298 2135; x_wconf 91' lang='lat' dir='ltr'>prioribus</span> <span class='ocrx_word' id='word_1_118' title='bbox 1324 2049 1432 2119; x_wconf 91' lang='lat' dir='ltr'>literis</span> 
     </span>
     <span class='ocr_line' id='line_1_16' title="bbox 199 2163 1430 2252; baseline 0 -20"><span class='ocrx_word' id='word_1_119' title='bbox 199 2165 504 2252; x_wconf 86' lang='lat' dir='ltr'>significabantur,</span> <span class='ocrx_word' id='word_1_120' title='bbox 522 2174 595 2230; x_wconf 89' lang='lat' dir='ltr'>tum</span> <span class='ocrx_word' id='word_1_121' title='bbox 612 2165 704 2250; x_wconf 90' lang='lat' dir='ltr'>quod</span> <span class='ocrx_word' id='word_1_122' title='bbox 720 2185 789 2230; x_wconf 90' lang='lat' dir='ltr'>non</span> <span class='ocrx_word' id='word_1_123' title='bbox 802 2166 887 2230; x_wconf 88' lang='lat' dir='ltr'>adeo</span> <span class='ocrx_word' id='word_1_124' title='bbox 903 2173 1017 2249; x_wconf 88' lang='lat' dir='ltr'>aperte</span> <span class='ocrx_word' id='word_1_125' title='bbox 1037 2163 1292 2251; x_wconf 88' lang='lat' dir='ltr'>intelligebatur</span> <span class='ocrx_word' id='word_1_126' title='bbox 1307 2165 1430 2232; x_wconf 91' lang='lat' dir='ltr'>summi</span> 
     </span>
     <span class='ocr_line' id='line_1_17' title="bbox 199 2277 1426 2368; baseline 0.002 -22"><span class='ocrx_word' id='word_1_127' title='bbox 199 2279 380 2368; x_wconf 89' lang='lat' dir='ltr'>pontificis</span> <span class='ocrx_word' id='word_1_128' title='bbox 395 2277 530 2346; x_wconf 89' lang='lat' dir='ltr'>animus</span> <span class='ocrx_word' id='word_1_129' title='bbox 545 2279 628 2365; x_wconf 90' lang='lat' dir='ltr'>quin</span> <span class='ocrx_word' id='word_1_130' title='bbox 651 2279 825 2348; x_wconf 86' lang='lat' dir='ltr'>videretur</span> <span class='ocrx_word' id='word_1_131' title='bbox 839 2279 1013 2366; x_wconf 85' lang='lat' dir='ltr'>integrum</span> <span class='ocrx_word' id='word_1_132' title='bbox 1026 2280 1069 2346; x_wconf 90' lang='lat' dir='ltr'>de</span> <span class='ocrx_word' id='word_1_133' title='bbox 1089 2280 1208 2347; x_wconf 88' lang='lat' dir='ltr'>eadem</span> <span class='ocrx_word' id='word_1_134' title='bbox 1228 2280 1426 2348; x_wconf 88' lang='lat' dir='ltr'>deliberare.</span> 
     </span>
     <span class='ocr_line' id='line_1_18' title="bbox 199 2393 1429 2482; baseline 0.002 -20"><span class='ocrx_word' id='word_1_135' title='bbox 199 2395 329 2482; x_wconf 80' lang='lat' dir='ltr'>igitur,</span> <span class='ocrx_word' id='word_1_136' title='bbox 348 2394 449 2462; x_wconf 88' lang='lat' dir='ltr'>dictis</span> <span class='ocrx_word' id='word_1_137' title='bbox 466 2398 607 2463; x_wconf 89' lang='lat' dir='ltr'>Patrum</span> <span class='ocrx_word' id='word_1_138' title='bbox 623 2395 803 2480; x_wconf 89' lang='lat' dir='ltr'>sententijs</span> <span class='ocrx_word' id='word_1_139' title='bbox 820 2395 965 2482; x_wconf 78' lang='lat' dir='ltr'>(eramus</span> <span class='ocrx_word' id='word_1_140' title='bbox 981 2393 1071 2464; x_wconf 90' lang='lat' dir='ltr'>enim</span> <span class='ocrx_word' id='word_1_141' title='bbox 1089 2416 1208 2463; x_wconf 89' lang='lat' dir='ltr'>omnes</span> <span class='ocrx_word' id='word_1_142' title='bbox 1229 2395 1291 2482; x_wconf 86' lang='lat'>14),</span> <span class='ocrx_word' id='word_1_143' title='bbox 1307 2399 1347 2464; x_wconf 92' lang='grc' dir='ltr'>Ρ.</span> <span class='ocrx_word' id='word_1_144' title='bbox 1361 2399 1429 2464; x_wconf 89' lang='grc' dir='ltr'>Βο-</span> 
     </span>
     <span class='ocr_line' id='line_1_19' title="bbox 196 2509 1428 2597; baseline 0.002 -20"><span class='ocrx_word' id='word_1_145' title='bbox 196 2509 332 2578; x_wconf 87' lang='lat' dir='ltr'>badilla</span> <span class='ocrx_word' id='word_1_146' title='bbox 343 2521 378 2580; x_wconf 92' lang='lat' dir='ltr'>et</span> <span class='ocrx_word' id='word_1_147' title='bbox 390 2513 430 2577; x_wconf 92' lang='lat' dir='ltr'>P.</span> <span class='ocrx_word' id='word_1_148' title='bbox 447 2510 566 2580; x_wconf 91' lang='lat' dir='ltr'>Simon</span> <span class='ocrx_word' id='word_1_149' title='bbox 577 2521 870 2591; x_wconf 89' lang='lat' dir='ltr'>censuerunt,nec</span> <span class='ocrx_word' id='word_1_150' title='bbox 883 2511 1035 2580; x_wconf 88' lang='lat' dir='ltr'>eundum</span> <span class='ocrx_word' id='word_1_151' title='bbox 1046 2509 1082 2577; x_wconf 89' lang='lat' dir='ltr'>in</span> <span class='ocrx_word' id='word_1_152' title='bbox 1091 2510 1375 2597; x_wconf 88' lang='lat' dir='ltr'>Hispaniam,nec</span> <span class='ocrx_word' id='word_1_153' title='bbox 1387 2532 1428 2579; x_wconf 92' lang='lat' dir='ltr'>ea</span> 
     </span>
     <span class='ocr_line' id='line_1_20' title="bbox 198 2617 1427 2713; baseline 0 -21"><span class='ocrx_word' id='word_1_154' title='bbox 198 2627 250 2694; x_wconf 93' lang='lat' dir='ltr'>de</span> <span class='ocrx_word' id='word_1_155' title='bbox 265 2648 305 2694; x_wconf 91' lang='lat' dir='ltr'>re</span> <span class='ocrx_word' id='word_1_156' title='bbox 320 2627 502 2713; x_wconf 88' lang='lat' dir='ltr'>petendam</span> <span class='ocrx_word' id='word_1_157' title='bbox 513 2617 683 2693; x_wconf 80' lang='lat' dir='ltr'>licentiam</span> <span class='ocrx_word' id='word_1_158' title='bbox 697 2647 858 2693; x_wconf 85' lang='lat' dir='ltr'>asummo</span> <span class='ocrx_word' id='word_1_159' title='bbox 866 2623 1038 2712; x_wconf 89' lang='lat' dir='ltr'>pontifice:</span> <span class='ocrx_word' id='word_1_160' title='bbox 1053 2626 1095 2694; x_wconf 92' lang='grc' dir='ltr'>Ρ.</span> <span class='ocrx_word' id='word_1_161' title='bbox 1110 2627 1283 2694; x_wconf 85' lang='lat' dir='ltr'>Adrianus</span> <span class='ocrx_word' id='word_1_162' title='bbox 1298 2648 1337 2695; x_wconf 87' lang='lat' dir='ltr'>se</span> <span class='ocrx_word' id='word_1_163' title='bbox 1351 2649 1427 2713; x_wconf 90' lang='lat' dir='ltr'>pro-</span> 
     </span>
     <span class='ocr_line' id='line_1_21' title="bbox 197 2741 1431 2828; baseline 0.001 -18"><span class='ocrx_word' id='word_1_164' title='bbox 197 2745 291 2810; x_wconf 85' lang='lat' dir='ltr'>bare</span> <span class='ocrx_word' id='word_1_165' title='bbox 306 2752 428 2809; x_wconf 88' lang='lat' dir='ltr'>senten</span> <span class='ocrx_word' id='word_1_166' title='bbox 440 2743 501 2808; x_wconf 75' lang='lat'>44</span> <span class='ocrx_word' id='word_1_167' title='bbox 520 2741 601 2808; x_wconf 87' lang='lat' dir='ltr'>tiam</span> <span class='ocrx_word' id='word_1_168' title='bbox 617 2741 730 2808; x_wconf 88' lang='lat' dir='ltr'>Patris</span> <span class='ocrx_word' id='word_1_169' title='bbox 745 2741 873 2828; x_wconf 85' lang='lat' dir='ltr'>vicarij:</span> <span class='ocrx_word' id='word_1_170' title='bbox 890 2744 930 2808; x_wconf 94' lang='grc' dir='ltr'>Ρ.</span> <span class='ocrx_word' id='word_1_171' title='bbox 945 2741 1063 2809; x_wconf 89' lang='lat' dir='ltr'>Violas</span> <span class='ocrx_word' id='word_1_172' title='bbox 1077 2741 1162 2809; x_wconf 91' lang='lat' dir='ltr'>sein</span> <span class='ocrx_word' id='word_1_173' title='bbox 1174 2741 1344 2809; x_wconf 86' lang='lat' dir='ltr'>sententia</span> <span class='ocrx_word' id='word_1_174' title='bbox 1355 2763 1431 2811; x_wconf 89' lang='lat' dir='ltr'>esse</span> 
     </span>
     <span class='ocr_line' id='line_1_22' title="bbox 198 2855 1431 2946; baseline -0.001 -23"><span class='ocrx_word' id='word_1_175' title='bbox 198 2857 358 2946; x_wconf 90' lang='lat' dir='ltr'>plurium</span> <span class='ocrx_word' id='word_1_176' title='bbox 374 2857 627 2944; x_wconf 87' lang='lat' dir='ltr'>suffragiorum:</span> <span class='ocrx_word' id='word_1_177' title='bbox 647 2858 751 2924; x_wconf 90' lang='lat' dir='ltr'>Pater</span> <span class='ocrx_word' id='word_1_178' title='bbox 764 2855 912 2924; x_wconf 88' lang='lat' dir='ltr'>vicarius</span> <span class='ocrx_word' id='word_1_179' title='bbox 928 2876 1006 2923; x_wconf 92' lang='lat' dir='ltr'>cum</span> <span class='ocrx_word' id='word_1_180' title='bbox 1022 2855 1161 2943; x_wconf 88' lang='lat' dir='ltr'>reliquis</span> <span class='ocrx_word' id='word_1_181' title='bbox 1176 2877 1336 2944; x_wconf 79' lang='lat' dir='ltr'>omagno</span> <span class='ocrx_word' id='word_1_182' title='bbox 1351 2879 1431 2924; x_wconf 92' lang='lat' dir='ltr'>con-</span> 
     </span>
     <span class='ocr_line' id='line_1_23' title="bbox 200 2971 1431 3054; baseline -0.004 -12"><span class='ocrx_word' id='word_1_183' title='bbox 200 2994 315 3042; x_wconf 86' lang='lat' dir='ltr'>sensu</span> <span class='ocrx_word' id='word_1_184' title='bbox 335 2971 385 3040; x_wconf 93' lang='lat' dir='ltr'>sic</span> <span class='ocrx_word' id='word_1_185' title='bbox 404 2972 576 3042; x_wconf 85' lang='lat' dir='ltr'>dixerunt:</span> <span class='ocrx_word' id='word_1_186' title='bbox 597 2994 636 3042; x_wconf 92' lang='lat' dir='ltr'>se</span> <span class='ocrx_word' id='word_1_187' title='bbox 655 2981 690 3041; x_wconf 91' lang='lat' dir='ltr'>et</span> <span class='ocrx_word' id='word_1_188' title='bbox 710 2973 810 3054; x_wconf 90' lang='lat' dir='ltr'>velle,</span> <span class='ocrx_word' id='word_1_189' title='bbox 828 2981 862 3042; x_wconf 89' lang='lat' dir='ltr'>et</span> <span class='ocrx_word' id='word_1_190' title='bbox 881 2971 1032 3040; x_wconf 91' lang='lat' dir='ltr'>iudicare</span> <span class='ocrx_word' id='word_1_191' title='bbox 1047 2993 1122 3040; x_wconf 86' lang='lat' dir='ltr'>esse</span> <span class='ocrx_word' id='word_1_192' title='bbox 1142 2972 1294 3040; x_wconf 90' lang='lat' dir='ltr'>eundum</span> <span class='ocrx_word' id='word_1_193' title='bbox 1314 2971 1349 3038; x_wconf 93' lang='lat' dir='ltr'>in</span> <span class='ocrx_word' id='word_1_194' title='bbox 1365 2972 1431 3040; x_wconf 93' lang='lat' dir='ltr'>Hi-</span> 
     </span>
     <span class='ocr_line' id='line_1_24' title="bbox 201 3086 1429 3176; baseline -0.001 -21"><span class='ocrx_word' id='word_1_195' title='bbox 201 3087 376 3176; x_wconf 86' lang='lat' dir='ltr'>spaniam,</span> <span class='ocrx_word' id='word_1_196' title='bbox 393 3088 423 3154; x_wconf 92' lang='lat' dir='ltr'>si</span> <span class='ocrx_word' id='word_1_197' title='bbox 440 3098 555 3155; x_wconf 89' lang='lat' dir='ltr'>tamen</span> <span class='ocrx_word' id='word_1_198' title='bbox 574 3087 610 3153; x_wconf 92' lang='lat' dir='ltr'>id</span> <span class='ocrx_word' id='word_1_199' title='bbox 630 3086 711 3154; x_wconf 93' lang='lat' dir='ltr'>boni</span> <span class='ocrx_word' id='word_1_200' title='bbox 726 3087 882 3154; x_wconf 87' lang='lat' dir='ltr'>consulat</span> <span class='ocrx_word' id='word_1_201' title='bbox 898 3107 939 3153; x_wconf 91' lang='lat' dir='ltr'>ac</span> <span class='ocrx_word' id='word_1_202' title='bbox 954 3088 1075 3173; x_wconf 89' lang='lat' dir='ltr'>probet</span> <span class='ocrx_word' id='word_1_203' title='bbox 1095 3107 1249 3154; x_wconf 90' lang='lat' dir='ltr'>summus</span> <span class='ocrx_word' id='word_1_204' title='bbox 1265 3087 1429 3173; x_wconf 85' lang='lat' dir='ltr'>pontifex:</span> 
     </span>
     <span class='ocr_line' id='line_1_25' title="bbox 198 3201 1429 3290; baseline 0 -20"><span class='ocrx_word' id='word_1_205' title='bbox 198 3203 256 3270; x_wconf 88' lang='lat' dir='ltr'>illi</span> <span class='ocrx_word' id='word_1_206' title='bbox 272 3223 335 3289; x_wconf 91' lang='lat' dir='ltr'>per</span> <span class='ocrx_word' id='word_1_207' title='bbox 348 3202 513 3271; x_wconf 89' lang='lat' dir='ltr'>vicarium</span> <span class='ocrx_word' id='word_1_208' title='bbox 529 3223 606 3272; x_wconf 89' lang='lat' dir='ltr'>esse</span> <span class='ocrx_word' id='word_1_209' title='bbox 621 3201 796 3290; x_wconf 88' lang='lat' dir='ltr'>primarias</span> <span class='ocrx_word' id='word_1_210' title='bbox 811 3223 945 3285; x_wconf 90' lang='lat' dir='ltr'>causas,</span> <span class='ocrx_word' id='word_1_211' title='bbox 964 3223 1053 3287; x_wconf 88' lang='lat' dir='ltr'>quae</span> <span class='ocrx_word' id='word_1_212' title='bbox 1069 3223 1131 3268; x_wconf 90' lang='lat' dir='ltr'>nos</span> <span class='ocrx_word' id='word_1_213' title='bbox 1147 3211 1338 3284; x_wconf 92' lang='lat' dir='ltr'>mouerent,</span> <span class='ocrx_word' id='word_1_214' title='bbox 1352 3225 1429 3289; x_wconf 74' lang='lat' dir='ltr'>pro</span> 
     </span>
     <span class='ocr_line' id='line_1_26' title="bbox 198 3315 1432 3408; baseline -0.002 -22"><span class='ocrx_word' id='word_1_215' title='bbox 198 3319 386 3408; x_wconf 88' lang='lat' dir='ltr'>ponendas</span> <span class='ocrx_word' id='word_1_216' title='bbox 406 3339 540 3386; x_wconf 91' lang='lat' dir='ltr'>summa</span> <span class='ocrx_word' id='word_1_217' title='bbox 558 3318 749 3386; x_wconf 87' lang='lat' dir='ltr'>humilitate</span> <span class='ocrx_word' id='word_1_218' title='bbox 768 3328 872 3404; x_wconf 91' lang='lat' dir='ltr'>atque</span> <span class='ocrx_word' id='word_1_219' title='bbox 897 3315 1138 3384; x_wconf 81' lang='lat' dir='ltr'>indifferentia:</span> <span class='ocrx_word' id='word_1_220' title='bbox 1162 3338 1226 3383; x_wconf 90' lang='lat' dir='ltr'>nos</span> <span class='ocrx_word' id='word_1_221' title='bbox 1245 3317 1289 3382; x_wconf 93' lang='lat' dir='ltr'>ad</span> <span class='ocrx_word' id='word_1_222' title='bbox 1305 3318 1432 3384; x_wconf 88' lang='lat' dir='ltr'>nullam</span> 
     </span>
     <span class='ocr_line' id='line_1_27' title="bbox 201 3431 1433 3526; baseline -0.002 -26"><span class='ocrx_word' id='word_1_223' title='bbox 201 3445 340 3526; x_wconf 85' lang='lat' dir='ltr'>partem</span> <span class='ocrx_word' id='word_1_224' title='bbox 356 3433 591 3519; x_wconf 88' lang='lat' dir='ltr'>inclinaturos,</span> <span class='ocrx_word' id='word_1_225' title='bbox 608 3431 674 3500; x_wconf 85' lang='lat' dir='ltr'>nisi</span> <span class='ocrx_word' id='word_1_226' title='bbox 689 3453 758 3517; x_wconf 93' lang='lat' dir='ltr'>quo</span> <span class='ocrx_word' id='word_1_227' title='bbox 773 3432 1042 3520; x_wconf 85' lang='lat' dir='ltr'>intelligeremus</span> <span class='ocrx_word' id='word_1_228' title='bbox 1057 3431 1281 3501; x_wconf 89' lang='lat' dir='ltr'>Sanctitatem</span> <span class='ocrx_word' id='word_1_229' title='bbox 1297 3432 1309 3465; x_wconf 84' lang='lat'>&#39;</span> <span class='ocrx_word' id='word_1_230' title='bbox 1326 3433 1433 3500; x_wconf 90' lang='lat' dir='ltr'>Suam</span> 
     </span>
     <span class='ocr_line' id='line_1_28' title="bbox 201 3549 416 3618; baseline -0.014 0"><span class='ocrx_word' id='word_1_231' title='bbox 201 3549 375 3618; x_wconf 90' lang='lat' dir='ltr'>inclinare</span> <span class='ocrx_word' id='word_1_232' title='bbox 391 3549 416 3615; x_wconf 81' lang='lat'>⁵.</span> 
     </span>
    </p>

    <p class='ocr_par' dir='ltr' id='par_1_5' title="bbox 202 3661 1434 3964">
     <span class='ocr_line' id='line_1_29' title="bbox 276 3661 1434 3750; baseline 0 -19"><span class='ocrx_word' id='word_1_233' title='bbox 276 3665 374 3733; x_wconf 89' lang='lat' dir='ltr'>Haec</span> <span class='ocrx_word' id='word_1_234' title='bbox 389 3662 512 3733; x_wconf 87' lang='lat' dir='ltr'>detulit</span> <span class='ocrx_word' id='word_1_235' title='bbox 527 3661 674 3731; x_wconf 89' lang='lat' dir='ltr'>vicarius</span> <span class='ocrx_word' id='word_1_236' title='bbox 688 3663 732 3729; x_wconf 91' lang='lat' dir='ltr'>ad</span> <span class='ocrx_word' id='word_1_237' title='bbox 745 3661 953 3749; x_wconf 89' lang='lat' dir='ltr'>pontificem,</span> <span class='ocrx_word' id='word_1_238' title='bbox 971 3661 1030 3748; x_wconf 92' lang='lat' dir='ltr'>qui</span> <span class='ocrx_word' id='word_1_239' title='bbox 1045 3661 1159 3731; x_wconf 88' lang='lat' dir='ltr'>omnia</span> <span class='ocrx_word' id='word_1_240' title='bbox 1169 3661 1319 3750; x_wconf 85' lang='lat' dir='ltr'>benigne</span> <span class='ocrx_word' id='word_1_241' title='bbox 1334 3661 1434 3731; x_wconf 89' lang='lat' dir='ltr'>audi·</span> 
     </span>
     <span class='ocr_line' id='line_1_30' title="bbox 202 3777 1432 3866; baseline -0.001 -19"><span class='ocrx_word' id='word_1_242' title='bbox 202 3779 272 3862; x_wconf 90' lang='lat' dir='ltr'>uit,</span> <span class='ocrx_word' id='word_1_243' title='bbox 286 3790 323 3846; x_wconf 86' lang='lat' dir='ltr'>et</span> <span class='ocrx_word' id='word_1_244' title='bbox 335 3778 543 3849; x_wconf 87' lang='lat' dir='ltr'>familiariter</span> <span class='ocrx_word' id='word_1_245' title='bbox 562 3799 640 3847; x_wconf 89' lang='lat' dir='ltr'>cum</span> <span class='ocrx_word' id='word_1_246' title='bbox 656 3777 783 3846; x_wconf 88' lang='lat' dir='ltr'>vicario</span> <span class='ocrx_word' id='word_1_247' title='bbox 798 3777 882 3866; x_wconf 84' lang='lat' dir='ltr'>egit,</span> <span class='ocrx_word' id='word_1_248' title='bbox 901 3779 1029 3847; x_wconf 90' lang='lat' dir='ltr'>nonde</span> <span class='ocrx_word' id='word_1_249' title='bbox 1048 3777 1174 3846; x_wconf 88' lang='lat' dir='ltr'>nostris</span> <span class='ocrx_word' id='word_1_250' title='bbox 1190 3779 1300 3846; x_wconf 90' lang='lat' dir='ltr'>solum</span> <span class='ocrx_word' id='word_1_251' title='bbox 1315 3781 1432 3860; x_wconf 74' lang='lat' dir='ltr'>rebuS,</span> 
     </span>
     <span class='ocr_line' id='line_1_31' title="bbox 204 3893 553 3964; baseline -0.006 0"><span class='ocrx_word' id='word_1_252' title='bbox 204 3895 272 3964; x_wconf 83' lang='lat' dir='ltr'>sed</span> <span class='ocrx_word' id='word_1_253' title='bbox 293 3895 336 3963; x_wconf 90' lang='lat' dir='ltr'>de</span> <span class='ocrx_word' id='word_1_254' title='bbox 351 3893 424 3962; x_wconf 91' lang='lat' dir='ltr'>suis</span> <span class='ocrx_word' id='word_1_255' title='bbox 439 3893 553 3962; x_wconf 91' lang='lat' dir='ltr'>etiam.</span> 
     </span>
    </p>

    <p class='ocr_par' dir='ltr' id='par_1_6' title="bbox 204 4007 1436 4312">
     <span class='ocr_line' id='line_1_32' title="bbox 277 4007 1431 4098; baseline -0.004 -20"><span class='ocrx_word' id='word_1_256' title='bbox 277 4013 450 4080; x_wconf 88' lang='lat' dir='ltr'>Euenerat</span> <span class='ocrx_word' id='word_1_257' title='bbox 466 4021 579 4080; x_wconf 87' lang='lat' dir='ltr'>tamen</span> <span class='ocrx_word' id='word_1_258' title='bbox 597 4010 684 4078; x_wconf 91' lang='lat' dir='ltr'>forte</span> <span class='ocrx_word' id='word_1_259' title='bbox 702 4008 709 4098; x_wconf 87' lang='grc' dir='ltr'>Ι</span> <span class='ocrx_word' id='word_1_260' title='bbox 727 4019 765 4076; x_wconf 92' lang='lat' dir='ltr'>vt</span> <span class='ocrx_word' id='word_1_261' title='bbox 781 4008 960 4076; x_wconf 87' lang='lat' dir='ltr'>infeliciter</span> <span class='ocrx_word' id='word_1_262' title='bbox 974 4020 1170 4096; x_wconf 88' lang='lat' dir='ltr'>pugnarent</span> <span class='ocrx_word' id='word_1_263' title='bbox 1185 4009 1267 4096; x_wconf 88' lang='lat' dir='ltr'>galli</span> <span class='ocrx_word' id='word_1_264' title='bbox 1282 4030 1360 4077; x_wconf 92' lang='lat' dir='ltr'>cum</span> <span class='ocrx_word' id='word_1_265' title='bbox 1376 4007 1431 4074; x_wconf 92' lang='lat' dir='ltr'>hi-</span> 
     </span>
     <span class='ocr_line' id='line_1_33' title="bbox 204 4123 1436 4215; baseline -0.006 -18"><span class='ocrx_word' id='word_1_266' title='bbox 204 4125 339 4215; x_wconf 81' lang='lat' dir='ltr'>spaniS,</span> <span class='ocrx_word' id='word_1_267' title='bbox 368 4137 404 4196; x_wconf 93' lang='lat' dir='ltr'>et</span> <span class='ocrx_word' id='word_1_268' title='bbox 427 4124 604 4194; x_wconf 90' lang='lat' dir='ltr'>dissidium</span> <span class='ocrx_word' id='word_1_269' title='bbox 619 4135 795 4212; x_wconf 88' lang='lat' dir='ltr'>praeterea</span> <span class='ocrx_word' id='word_1_270' title='bbox 814 4134 927 4192; x_wconf 89' lang='lat' dir='ltr'>ortum</span> <span class='ocrx_word' id='word_1_271' title='bbox 947 4123 1035 4193; x_wconf 89' lang='lat' dir='ltr'>inter</span> <span class='ocrx_word' id='word_1_272' title='bbox 1055 4125 1178 4193; x_wconf 89' lang='lat' dir='ltr'>ducem</span> <span class='ocrx_word' id='word_1_273' title='bbox 1197 4123 1379 4210; x_wconf 86' lang='lat' dir='ltr'>guisanum</span> <span class='ocrx_word' id='word_1_274' title='bbox 1400 4133 1436 4193; x_wconf 92' lang='lat' dir='ltr'>et</span> 
     </span>
     <span class='ocr_line' id='line_1_34' title="bbox 209 4240 803 4312; baseline -0.008 0"><span class='ocrx_word' id='word_1_275' title='bbox 209 4242 392 4312; x_wconf 89' lang='lat' dir='ltr'>dominum</span> <span class='ocrx_word' id='word_1_276' title='bbox 408 4241 600 4312; x_wconf 86' lang='lat' dir='ltr'>Antonium</span> <span class='ocrx_word' id='word_1_277' title='bbox 617 4240 803 4308; x_wconf 81' lang='lat' dir='ltr'>Cartalam.</span> 
     </span>
    </p>

    <p class='ocr_par' dir='ltr' id='par_1_7' title="bbox 279 4354 1433 4444">
     <span class='ocr_line' id='line_1_35' title="bbox 279 4354 1433 4444; baseline -0.006 -17"><span class='ocrx_word' id='word_1_278' title='bbox 279 4358 373 4426; x_wconf 83' lang='lat' dir='ltr'>lilius</span> <span class='ocrx_word' id='word_1_279' title='bbox 388 4358 539 4426; x_wconf 87' lang='lat' dir='ltr'>animum</span> <span class='ocrx_word' id='word_1_280' title='bbox 559 4379 580 4424; x_wconf 88' lang='lat' dir='ltr'>a</span> <span class='ocrx_word' id='word_1_281' title='bbox 598 4355 699 4444; x_wconf 89' lang='lat' dir='ltr'>gallis</span> <span class='ocrx_word' id='word_1_282' title='bbox 717 4355 906 4438; x_wconf 87' lang='lat' dir='ltr'>auertebat,</span> <span class='ocrx_word' id='word_1_283' title='bbox 926 4357 1021 4423; x_wconf 90' lang='lat' dir='ltr'>etad</span> <span class='ocrx_word' id='word_1_284' title='bbox 1040 4377 1158 4444; x_wconf 89' lang='lat' dir='ltr'>pacem</span> <span class='ocrx_word' id='word_1_285' title='bbox 1179 4377 1257 4422; x_wconf 91' lang='lat' dir='ltr'>cum</span> <span class='ocrx_word' id='word_1_286' title='bbox 1275 4354 1433 4442; x_wconf 92' lang='lat' dir='ltr'>Philippo</span> 
     </span>
    </p>
   </div>
   <div class='ocr_carea' id='block_1_4' title="bbox 261 4543 902 4885">
    <p class='ocr_par' dir='ltr' id='par_1_8' title="bbox 261 4543 902 4795">
     <span class='ocr_line' id='line_1_36' title="bbox 264 4543 902 4619; baseline -0.006 -17"><span class='ocrx_word' id='word_1_287' title='bbox 264 4549 274 4582; x_wconf 82' lang='lat'>¹</span> <span class='ocrx_word' id='word_1_288' title='bbox 313 4544 656 4619; x_wconf 73' lang='lat' dir='ltr'>Ms.,paucibusdiebus</span> <span class='ocrx_word' id='word_1_289' title='bbox 667 4543 902 4616; x_wconf 78' lang='lat' dir='ltr'>quibusquibus.</span> 
     </span>
     <span class='ocr_line' id='line_1_37' title="bbox 261 4634 587 4708; baseline 0.003 -19"><span class='ocrx_word' id='word_1_290' title='bbox 261 4638 275 4672; x_wconf 86' lang='lat'><strong>¹</strong></span> <span class='ocrx_word' id='word_1_291' title='bbox 314 4634 389 4708; x_wconf 68' lang='lat' dir='ltr'>Ms&#39;,</span> <span class='ocrx_word' id='word_1_292' title='bbox 403 4635 587 4692; x_wconf 78' lang='lat' dir='ltr'>Sanctitam.</span> 
     </span>
     <span class='ocr_line' id='line_1_38' title="bbox 265 4723 761 4795; baseline -0.004 -15"><span class='ocrx_word' id='word_1_293' title='bbox 265 4726 278 4759; x_wconf 84' lang='lat'>⁸</span> <span class='ocrx_word' id='word_1_294' title='bbox 316 4723 761 4795; x_wconf 71' lang='lat' dir='ltr'>Saccimaos,loc.cit.,n.72.</span> 
     </span>
    </p>

    <p class='ocr_par' dir='ltr' id='par_1_9' title="bbox 319 4829 675 4885">
     <span class='ocr_line' id='line_1_39' title="bbox 319 4829 675 4885; baseline 0 -9"><span class='ocrx_word' id='word_1_295' title='bbox 319 4829 408 4877; x_wconf 75' lang='lat' dir='ltr'>Em.</span> <span class='ocrx_word' id='word_1_296' title='bbox 420 4830 450 4876; x_wconf 81' lang='grc' dir='ltr'>Ρ.</span> <span class='ocrx_word' id='word_1_297' title='bbox 463 4830 566 4885; x_wconf 64' lang='lat' dir='ltr'>Nanos,</span> <span class='ocrx_word' id='word_1_298' title='bbox 579 4841 636 4875; x_wconf 77' lang='grc' dir='ltr'>τοι.</span> <span class='ocrx_word' id='word_1_299' title='bbox 650 4829 675 4876; x_wconf 90' lang='lat'>11</span> 
     </span>
    </p>
   </div>
   <div class='ocr_carea' id='block_1_5' title="bbox 0 0 1849 5380">
    <p class='ocr_par' dir='ltr' id='par_1_10' title="bbox 0 0 1849 5380">
     <span class='ocr_line' id='line_1_40' title="bbox 0 0 1849 5380; baseline 0 0"><span class='ocrx_word' id='word_1_300' title='bbox 0 0 1849 5380; x_wconf 95' lang='lat' dir='ltr'> </span> 
     </span>
    </p>
   </div>
  </div>
 </body>
</html>
