3634 5396
745 481 911 536 urrunnu
1383 487 1437 559 649

214 647 321 724 teugo
337 636 380 703 de
397 646 494 703 tener
509 634 541 702 el
551 632 658 718 juizio
674 631 730 700 del
746 633 786 698 P.
806 632 1002 701 comissario
1025 656 1087 721 por
1101 636 1197 722 regla
1219 636 1275 704 del
1290 637 1438 724 proprio,

212 727 274 793 hoc
290 725 381 791 enim
398 723 551 790 nondum
566 721 655 788 mihi
664 721 919 807 praescriptum
935 727 985 790 est
1004 745 1026 789 a
1047 726 1168 792 Natali
1183 746 1244 791 nec
1256 728 1430 812 generali.

280 812 422 894 Vltimo,
440 812 481 892 si,
499 810 629 878 mirado
644 830 709 877 con
729 810 834 878 deseo
855 812 898 878 de
918 824 1060 892 acertar,
1078 835 1124 879 no
1138 815 1251 900 puedo
1273 815 1438 883 entender

212 924 282 988 que
296 904 330 969 lo
346 922 413 987 que
429 899 591 968 entiendo
612 900 667 967 del
689 901 728 965 Ρ.
753 899 872 966 doctor
892 901 1006 966 Araoz
1029 923 1066 968 es
1086 903 1300 969 conformet
1320 904 1353 968 lo
1369 924 1438 989 que

210 991 374 1060 entiendo
389 992 434 1059 de
449 1000 589 1058 nuestro
607 991 647 1054 P.
666 988 819 1075 lgnacio,
842 990 885 1054 de
907 991 949 1056 V.
974 992 1014 1056 Ρ.
1038 1012 1061 1075 y
1084 992 1139 1060 del
1163 994 1202 1057 Ρ.
1229 989 1296 1058 M.⁰
1312 992 1435 1072 Nadal,

209 1085 326 1236 tull
339 1081 538 1252 {3233ssng
549 1079 1131 1253 lglttlt‘ssttrttultlt.
1142 1079 1339 1234 ...ppei
1357 1083 1438 1239 ῗὲέῗ

209 1279 278 1344 que
293 1258 326 1324 el
342 1259 383 1324 Ρ.
402 1255 470 1325 M.⁰
486 1256 595 1324 Nadal
611 1259 749 1322 reseruo
765 1263 838 1321 esto
854 1277 935 1341 para
950 1277 990 1341 sy
1006 1279 1029 1342 y
1045 1278 1124 1341 para
1140 1190 1261 1337 ,Vpopp'
1280 1190 1363 1343 yiiir
1378 1258 1436 1326 dio

209 1356 285 1414 esta
300 1344 483 1413 comission
499 1346 531 1410 al
547 1347 586 1412 P.
603 1345 648 1412 D.
667 1345 791 1410 Araoz.
811 1344 881 1410 Por
897 1356 970 1410 otra
988 1355 1094 1429 parte,
1114 1357 1209 1413 tener
1224 1367 1286 1432 por
1305 1347 1438 1433 reglao

209 1435 399 1522 interprete
414 1435 458 1502 de
473 1435 554 1499 todo
570 1439 590 1499 a
607 1434 640 1498 la
654 1453 718 1498 voz
734 1431 814 1498 viua
830 1453 898 1518 que
913 1438 985 1499 esta
1006 1445 1175 1519 presente,
1194 1439 1215 1499 ό
1235 1440 1307 1502 mas
1323 1456 1434 1517 cerea,

209 1545 334 1610 parece
350 1522 518 1592 conuiene
534 1528 607 1588 mes
623 1541 704 1608 para
719 1541 786 1606 que
806 1527 867 1587 ace
888 1542 951 1606 aya
966 1528 1039 1588 mes
1058 1544 1121 1608 paz
1141 1546 1163 1608 y
1178 1529 1252 1590 mas
1270 1523 1388 1603 vnion,
1414 1543 1437 1610 y

208 1635 293 1699 para
308 1635 354 1680 no
370 1633 497 1699 ocupar
513 1613 588 1678 aV.
609 1613 648 1677 Ρ.
668 1630 733 1676 con
748 1611 904 1676 consulta
921 1612 963 1678 de
984 1620 1097 1677 tantas
1118 1631 1231 1693 cosae,
1256 1634 1278 1698 y
1295 1616 1438 1680 muchas

207 1702 317 1770 dellas
344 1701 520 1768 menudas.
551 1702 665 1767 Deseo
691 1701 816 1765 mucho
835 1699 935 1766 saber
954 1699 986 1765 la
1006 1699 1168 1766 voluntad
1194 1700 1237 1765 de
1256 1702 1301 1766 N.
1327 1704 1366 1767 Ρ.
1391 1722 1434 1767 en

209 1801 342 1859 esto...
365 1793 386 1857 ¹.

763 2029 879 2096 XXXI

476 2161 717 2219 EXCERPTUM
736 2161 788 2216 EX
807 2158 1170 2243 INSTRUCTIONIBUS

649 2295 777 2345 earnis
794 2295 949 2344 uxrxms
967 2274 990 2341 ¹.

278 2412 384 2497 Quod
399 2411 527 2478 dictum
545 2422 633 2480 esta
652 2407 883 2477 commissario
903 2407 1055 2494 generali
1079 2408 1290 2494 Hieronymo
1306 2410 1432 2492 Natali,

207 2521 249 2567 ac
265 2500 458 2568 executioni
473 2501 590 2566 datum
608 2499 722 2580 fuerit,
740 2520 809 2564 non
824 2499 1006 2563 mutabunt
1021 2496 1247 2582 prouinciales
1262 2519 1322 2565 seu
1336 2520 1431 2566 com—

207 2588 365 2669 missarii,
384 2591 488 2656 Patre
504 2591 629 2656 Nostro
649 2585 801 2674 generali
824 2585 1027 2653 inconsulto.
1055 2588 1158 2671 Quod
1181 2597 1294 2652 autem
1318 2589 1361 2654 ad
1377 2610 1430 2656 re-

208 2678 302 2763 liqua
321 2687 469 2763 spectat,
495 2691 583 2762 'quae
605 2679 679 2763 ipse
700 2675 878 2761 disposuit,
904 2695 1060 2760 quaeque
1083 2674 1118 2740 in
1142 2697 1206 2741 usu
1231 2677 1343 2742 adhuc
1364 2700 1432 2744 non

209 2766 291 2846 sint,
309 2777 430 2833 curent
447 2778 483 2832 ut
498 2789 539 2834 ea
550 2767 674 2833 dentur
693 2763 897 2832 executioni:
916 2763 981 2830 nisi
1000 2778 1155 2831 occurret
1180 2763 1229 2830 eis
1245 2765 1372 2849 aliquid
1388 2766 1433 2832 de

208 2855 351 2922 consilio
367 2877 505 2922 suorum
522 2853 801 2933 consiliariorum,
820 2855 911 2920 unde
927 2853 1027 2937 pleno
1043 2851 1170 2918 iudicio
1185 2865 1365 2922 censerent
1384 2855 1432 2922 rei

209 2944 354 3011 alicuius
374 2944 609 3012 executionem
629 2964 703 3011 esse
723 2939 1013 3028 suspendendum
1037 2952 1119 3006 tunc
1141 2940 1230 3007 enim
1252 2942 1376 3027 poterit
1392 2967 1433 3010 ea

209 3034 287 3119 lege
303 3032 393 3098 illius
408 3033 456 3102 rei
473 3032 709 3099 executionem
733 3031 953 3116 suspendere,
975 3029 1005 3096 si
1027 3030 1070 3094 de
1094 3052 1132 3097 re
1152 3040 1239 3110 tota,
1258 3032 1458 3118 quampri-

208 3144 304 3188 mum
320 3121 393 3189 fieri
409 3132 524 3207 queat,
543 3125 584 3188 R.
604 3124 644 3187 P.
663 3123 706 3188 N.
725 3121 920 3208 generalem
937 3118 1079 3186 reddant
1094 3117 1285 3186 certiorem.

210 3458 216 3470 Ι
264 3391 273 3422 ¹
310 3374 473 3460 Responsio
486 3387 605 3443 Polanci
622 3387 652 3442 in
671 3389 811 3471 margine:
833 3387 921 3440 Vdaso
932 3386 961 3439 lo
978 3402 1033 3456 que
1050 3385 1115 3466 dizo
1135 3384 1163 3439 el
1177 3385 1216 3438 Ρ.
1236 3384 1349 3438 Nudal:
1367 3401 1434 3438 mas

208 3461 777 3586 l.gtlttzlst⁶tt.tl⁶..ss²l⁶stult
795 3459 1021 3584 titillet-‘t
1033 3455 1431 3598 2⁶.”‘lissl{.iil‚gid⁶rsssg'd

206 3601 310 3655 siendo
326 3602 503 3726 informado
519 3602 568 3655 del
585 3602 679 3655 orden
696 3601 744 3655 del
770 3601 809 3654 Ρ.
830 3599 934 3654 Nadul
951 3599 977 3653 le
999 3599 1064 3651 diae
1077 3601 1154 3652 otro:
1173 3599 1270 3670 puede
1292 3613 1327 3651 en
1347 3600 1432 3650 tanto

206 3673 350 3727 scriuirse
363 3691 379 3728 e
390 3677 504 3728 comoct
524 3672 758 3728 Valderrubano.

262 3747 273 3776 ²
311 3744 354 3798 Ex
369 3743 445 3799 Cori.
460 3757 489 3814 7,
502 3743 556 3799 fol.
574 3757 589 3797 2
603 3761 627 3810 r,
640 3742 718 3797 inter
730 3741 938 3797 instructiones
951 3758 967 3794 a
981 3738 1078 3794 Natali
1095 3737 1215 3793 traditas
1233 3736 1432 3794 commissario

209 3813 334 3881 Galliae,
353 3833 444 3886 «quae
463 3813 570 3888 poterit
586 3813 810 3880 accommodari,
828 3830 886 3868 non
904 3813 997 3866 solum
1014 3809 1232 3880 commisseriiS,
1251 3810 1302 3864 sed
1316 3809 1432 3881 provin·

209 3883 332 3940 cialibus
350 3889 469 3942 etiamn.
492 3885 567 3940 Vide
587 3885 686 3957 Epist.
705 3885 826 3953 liutai,
848 3885 871 3950 1,
886 3895 964 3938 xxx.
986 3883 1068 3936 Haec
1086 3881 1188 3936 eadem
1202 3881 1355 3936 instructio
1369 3897 1431 3951 pro·

209 3955 555 4083 meiaiibuffiipaniae
568 3956 635 4010 data
645 3957 735 4011 fuisse
747 3955 872 4025 videtur,
884 3973 920 4009 ex
931 3953 977 4024 iis,
988 3970 1062 4025 quae
1076 3953 1113 4007 P.
1131 3952 1240 4007 Suarez
1253 3953 1323 4007 dicit
1334 3968 1432 4022 supra,

209 4043 304 4099 uppen
331 4069 353 4096 .,
456 4069 462 4083 .
