3504 5386
369 446 423 503 500
789 431 893 488 Errsr.
913 431 958 486 Ρ.Ι
973 429 1176 500 Nabar-345

369 595 483 654 mente
499 597 571 652 este
588 583 793 652 monesterio
812 587 833 652 ¹.
849 585 899 652 Lo
917 604 984 669 que
997 585 1107 652 dende
1119 596 1283 668 entonpes
1296 584 1409 668 quedb
1420 583 1473 649 did
1483 583 1517 652 S.
1531 585 1573 652 M.

370 707 390 766 a
406 699 439 766 la
455 699 643 784 Compar'tia
664 720 728 765 con
749 719 916 766 consenso
936 699 980 768 de
999 699 1050 766 los
1072 701 1199 766 Padres
1218 700 1261 766 de
1281 699 1353 767 sto
1372 697 1537 788 Domingo
1555 721 1575 784 y

370 813 549 881 autoridad
564 814 608 882 de
622 812 655 880 la
671 814 752 882 sede
769 812 965 907 apostolica:
983 835 1020 882 es
1035 814 1135 901 lugat
1149 836 1232 901 muy
1242 833 1347 900 capaz
1361 835 1474 899 ymuy
1488 833 1574 892 san0,

370 951 437 996 con
452 930 514 996 dos
530 933 551 996 6
573 940 641 996 tres
661 931 802 995 huertos
821 931 943 996 dentro
962 930 1019 996 del
1039 930 1195 1017 collegio,
1213 929 1347 996 adonde
1366 949 1470 1016 agora
1490 950 1525 996 se
1539 931 1576 996 ha

369 1047 477 1116 necno
494 1065 538 1110 no
555 1045 629 1110 solo
644 1045 676 1110 el
692 1043 849 1132 collegio,
868 1066 941 1112 mas
957 1045 1105 1112 tambien
1121 1065 1200 1112 casa
1215 1046 1258 1112 de
1280 1039 1434 1128 nouicios
1453 1064 1577 1130 separa·

372 1161 427 1228 da:
446 1162 535 1226 leese
551 1159 731 1237 rethorica,
750 1159 947 1244 gramatice,
966 1159 1141 1242 latinidad,
1159 1160 1293 1249 griego,
1311 1169 1401 1227 artes
1412 1182 1435 1244 y
1446 1181 1510 1226 vna
1520 1160 1577 1228 lec·

374 1275 446 1341 tion
462 1275 516 1340 del
533 1273 587 1355 4⁰
603 1274 711 1342 delas
728 1274 913 1342 sententias
933 1297 1015 1362 para
1037 1277 1089 1342 los
1111 1276 1316 1360 sacerdotes:
1342 1274 1499 1361 predican
1521 1286 1580 1343 tres

369 1390 413 1456 de
429 1391 479 1455 los
495 1400 665 1469 nuestroS,
684 1389 746 1455 dos
762 1411 806 1456 en
827 1391 974 1470 aleman,
992 1392 1025 1457 el
1045 1412 1112 1457 vno
1135 1392 1166 1457 al
1189 1390 1400 1477 archiduque
1419 1391 1488 1456 don
1506 1391 1580 1456 Fer-

370 1504 485 1571 nando
501 1526 545 1571 en
562 1503 702 1589 palacio,
721 1507 753 1572 el
769 1517 843 1571 otro
859 1527 902 1572 en
915 1517 1055 1572 nuestra
1068 1504 1188 1591 iglesia
1199 1526 1242 1572 en
1256 1505 1425 1587 bohemio,
1439 1506 1470 1572 el
1483 1504 1531 1590 3.⁰
1542 1525 1580 1570 en

372 1642 439 1686 vna
455 1619 576 1706 iglesia
592 1640 673 1706 muy
690 1619 854 1706 principal
870 1622 913 1689 de
928 1622 961 1687 la
976 1621 1112 1702 ciudad,
1131 1643 1198 1707 que
1217 1641 1255 1687 es
1274 1622 1318 1690 de
1337 1621 1370 1688 la
1395 1619 1581 1706 inuocacidn

373 1736 416 1804 de
432 1735 609 1821 Santiago,
628 1757 650 1820 y
667 1734 758 1803 tiene
773 1757 859 1822 gran
876 1757 1055 1817 concurso,
1074 1758 1120 1804 no
1134 1737 1207 1805 solo
1222 1737 1266 1803 de
1281 1736 1501 1816 chath61icos,
1519 1755 1582 1802 mas

374 1850 523 1918 tambien
539 1852 582 1918 de
598 1849 740 1930 husitas,
759 1873 781 1936 y
796 1853 882 1934 hace
898 1853 1008 1918 fructo
1031 1853 1173 1938 grande,
1191 1851 1300 1938 gloria
1315 1852 1347 1917 al
1363 1853 1483 1933 Senon
1500 1872 1523 1936 y
1540 1853 1582 1918 asi

371 1987 409 2032 es
425 1987 509 2053 gran
526 1964 707 2032 confusion
722 1987 745 2050 y
761 1966 897 2052 flagello
914 1972 934 2032 a
949 1967 1093 2052 herejeS,
1111 1971 1195 2053 yasi
1207 1987 1388 2053 procuran,
1402 1967 1583 2034 deldemo

378 2081 435 2148 nio
452 2103 513 2168 por
527 2081 624 2162 ellos,
648 2083 749 2166 baeer
769 2082 916 2168 algunos
935 2092 1179 2170 estratagemas
1202 2103 1264 2168 por
1287 2081 1430 2168 impedit
1451 2082 1484 2148 el
1504 2080 1584 2158 bien,

378 2218 507 2284 porque
522 2197 554 2265 le
569 2197 689 2264 suelen
703 2218 812 2282 poner
827 2197 1008 2283 pasquines
1024 2203 1044 2264 a
1059 2199 1092 2263 la
1103 2206 1223 2284 puerta
1234 2198 1322 2264 dela
1333 2195 1465 2284 iglesia,
1482 2198 1586 2282 ybus·

377 2333 435 2379 car
451 2322 543 2378 otras
559 2321 663 2394 artes,
681 2331 780 2378 como
800 2310 953 2397 acaescid
967 2313 1001 2379 la
1020 2311 1136 2400 vigilia
1152 2313 1163 2345 ¹
1180 2313 1224 2379 de
1240 2311 1406 2398 Santiago
1422 2312 1516 2379 deste
1529 2318 1588 2376 ado

383 2427 522 2513 pasado,
540 2447 607 2511 que
622 2427 673 2492 los
695 2424 827 2492 husitas
846 2425 1012 2494 enbiaron
1033 2433 1053 2493 a
1073 2427 1165 2493 dezir
1185 2428 1218 2493 al
1238 2448 1305 2512 que
1325 2427 1417 2494 tiene
1436 2446 1537 2512 cargo
1553 2425 1590 2491 de

431 2600 439 2630 ¹
478 2595 605 2666 Joann'es
618 2587 655 2672 de
669 2593 857 2648 Troczonova
876 2593 943 2666 «qui
956 2593 1061 2649 Zisska
1074 2593 1193 2666 passim,
1208 2611 1261 2649 seu
1281 2591 1391 2658 Cocles,
1410 2593 1488 2665 quod
1509 2594 1589 2648 altero

378 2683 465 2738 oculo
487 2682 563 2737 inter
581 2680 781 2754 praeliandum
798 2683 907 2738 amisso
924 2690 1047 2747 careret,
1066 2683 1229 2754 appellatus
1247 2691 1302 2747 est,
1327 2682 1497 2738 Wenceslao
1512 2695 1591 2755 quon·

376 2771 444 2828 dam
458 2771 578 2828 Caesari
591 2789 608 2825 a
620 2769 754 2836 Camena,
765 2769 802 2825 de
812 2771 951 2844 Equitum
962 2773 1157 2826 Bohemorum
1167 2769 1290 2837 Ordine,
1304 2779 1335 2826 et
1347 2769 1385 2826 de
1397 2771 1502 2827 militia
1512 2771 1591 2826 multa

378 2861 450 2916 alias
464 2861 612 2932 praeclara
625 2858 770 2932 stipendia
784 2861 915 2915 meritus.
929 2860 986 2916 Hic
999 2861 1104 2926 Hussi,
1118 2860 1202 2932 cujus
1214 2859 1326 2916 deliriis
1339 2869 1442 2933 captus
1456 2867 1518 2916 erat
1529 2875 1591 2914 mor·

380 2957 440 3005 tem
453 2966 553 3004 secum
567 2957 717 3021 reputans,
730 2966 797 3004 cum
811 2948 965 3021 aliquando
979 2959 1109 3005 moestus
1122 2951 1153 3005 in
1166 2967 1234 3006 area
1246 2949 1332 3004 Arcis
1345 2949 1504 3020 Pragensis
1513 2948 1592 3003 inam·

380 3039 505 3102 bularet,
519 3045 639 3109 rogatus
652 3039 689 3093 ab
702 3038 785 3108 Rege
799 3046 854 3093 est:
868 3037 939 3112 quid
948 3038 989 3093 ita
1002 3038 1161 3094 moereret?
1173 3039 1202 3094 Is
1215 3055 1332 3094 causam
1345 3039 1376 3094 in
1393 3038 1528 3093 Nationis
1540 3035 1593 3091 uui·

380 3127 488 3183 versim
510 3127 684 3182 Bohemicae
706 3135 907 3199 contemptum
929 3145 966 3182 ex
988 3135 1082 3183 morte
1099 3129 1195 3184 Husss'
1215 3127 1326 3183 retulit.
1344 3126 1508 3200 Respondit
1527 3125 1592 3180 Rex:

379 3216 425 3271 Mi
437 3215 508 3270 bons
528 3216 592 3280 Vir,
606 3231 701 3286 neque
714 3215 792 3289 Ego,
804 3233 897 3287 neque
909 3221 943 3270 tu
952 3219 1030 3272 hanc
1042 3218 1198 3273 vindicare
1212 3217 1363 3287 injuriam
1378 3221 1546 3289 possumus.
1562 3209 1595 3269 Si

377 3311 480 3384 tamen
493 3305 625 3360 occurrii
637 3307 728 3370 ratio,
742 3307 813 3379 age!
834 3307 958 3379 ingenio
975 3309 1072 3362 utere!
1087 3308 1231 3361 Bohemos
1248 3311 1314 3360 tuos
1328 3307 1465 3361 ainana!
1483 3301 1595 3374 Accepit

381 3393 581 3449 conditionem
594 3393 710 3458 Zisska,
724 3411 779 3449 nec
791 3393 841 3448 diu
854 3395 939 3450 homo
954 3395 1105 3450 barbarice
1117 3394 1211 3466 ferox,
1229 3411 1263 3450 ac
1282 3395 1466 3450 truculentus
1481 3389 1594 3466 quievit3

382 3489 526 3554 concepto
539 3483 711 3554 praeprimis
724 3481 864 3539 adversus
883 3482 1068 3555 Sacerdotes,
1087 3483 1165 3556 quod
1181 3486 1219 3538 ab
1235 3483 1272 3538 iis
1289 3483 1426 3538 Hussum
1443 3482 1511 3537 neci
1526 3477 1596 3535 addi·

380 3578 461 3628 ctum
474 3577 633 3640 constaret,
652 3571 781 3643 aliasque
802 3571 892 3628 DEO
911 3571 1014 3627 Sacras
1033 3571 1189 3643 Personas,
1207 3588 1241 3626 ac
1260 3570 1360 3640 aedes,
1382 3565 1596 3640 irrestinguibili

380 3660 457 3715 odio.
472 3659 547 3730 Has,
560 3666 591 3714 et
604 3659 753 3714 nationem
769 3658 995 3716 Germanorum
1008 3660 1141 3732 stirpitus
1154 3658 1327 3715 exscindere
1344 3659 1440 3714 animo
1457 3657 1595 3728 designat.

383 3751 485 3822 Itaque
500 3748 537 3802 Α.
559 3759 637 3818 1419.
656 3745 692 3802 30
710 3747 781 3820 Julii
797 3749 881 3820 quasi
899 3749 1015 3819 signum
1037 3747 1182 3822 quoddam
1207 3747 1398 3804 truculentiae
1420 3745 1537 3814 extulit;
1554 3751 1583 3799 tu

385 3839 477 3892 multu
491 3838 521 3892 in
535 3836 621 3892 Nova
635 3837 743 3910 Praga
756 3837 896 3908 excitato,
913 3837 1023 3893 curiam
1041 3855 1107 3893 cum
1125 3838 1246 3893 asseclis
1263 3835 1435 3908 ingreditur:
1451 3836 1598 3892 Senatores

384 3927 486 3998 Urbis,
500 3934 530 3981 et
544 3925 690 3998 Judicem,
705 3927 789 3982 Viros
802 3925 981 3994 Catholicos,
994 3926 1072 4000 quod
1082 3925 1278 3982 clandestinas
1292 3925 1432 3982 seductae
1441 3925 1538 3998 plebis
1548 3920 1598 3979 coi·

384 4015 481 4070 tiones
494 4013 689 4086 dissipassent
707 4016 835 4087 saepius,
854 4015 1026 4070 vulneribus
1040 4014 1200 4086 confectos,
1218 4015 1302 4070 vivos
1318 4032 1386 4070 cum
1404 4014 1526 4070 mortuis
1538 4030 1555 4068 e
1566 4010 1600 4066 te·

386 4104 494 4161 nestris
516 4103 698 4176 praecipitat:
721 4105 883 4160 Parochum
905 4104 942 4160 ad
960 4103 991 4161 S.
1010 4105 1189 4176 Steptranie
1211 4105 1294 4160 trabe
1316 4103 1480 4176 suspendit3
1504 4101 1601 4176 populo

385 4211 475 4249 caece
488 4193 518 4248 in
531 4211 610 4248 arma
623 4202 761 4248 ruente...
782 4193 938 4250 Subtracto
957 4211 973 4248 e
992 4193 1068 4248 vivis
1095 4193 1263 4249 Wenceslao
1281 4193 1375 4264 Rege,
1393 4209 1461 4248 mox
1479 4191 1602 4264 proximo

387 4283 456 4339 inde
470 4281 560 4339 biduo
576 4294 607 4352 17
621 4292 651 4337 et
667 4283 699 4338 18
713 4283 852 4353 Augusti,
866 4281 933 4338 foex
946 4282 1175 4338 facinorosorum
1188 4281 1349 4350 hominum,
1362 4289 1393 4337 et
1402 4281 1463 4353 jam
1474 4276 1603 4336 tumultui

384 4373 514 4444 intenta,
529 4371 655 4444 primum
668 4371 698 4427 in
711 4371 854 4427 coenobia
867 4373 992 4446 Progne
1005 4371 1147 4443 impetum
1164 4369 1270 4427 fecit...
1287 4369 1476 4427 Succubuere
1488 4367 1603 4424 flammis

388 4459 510 4532 plurima
528 4458 619 4527 intra,
642 4468 673 4514 et
693 4455 771 4514 cirea
794 4458 948 4532 Pragam,
971 4459 1128 4527 coenobia;
1151 4459 1298 4516 Personae
1319 4457 1425 4514 Sacrae
1447 4455 1604 4512 dirissimae

383 4547 488 4604 neci.»
503 4547 657 4618 Scaurus,
671 4549 729 4603 loc.
746 4547 809 4617 cit,
823 4547 847 4615 1,
861 4561 907 4618 20,
922 4559 968 4604 21.

439 4643 450 4672 ²
489 4639 543 4694 Ms.
557 4638 700 4710 vigialr'o.
