3666 5384
391 415 425 471 18
809 413 842 469 P.
862 413 1006 470 Nnrnms
1025 413 1189 468 Ennsusn.

389 567 555 654 probante
571 564 727 644 Arausio,
746 564 802 631 cui
818 564 998 634 videbatur
1014 563 1109 631 illum
1125 563 1239 650 potius
1255 564 1379 630 debere
1399 561 1616 647 contempla-

390 681 475 748 tioni
492 682 573 749 dare
589 699 727 766 operam
743 701 845 764 quam
862 679 1000 747 actioni.

458 796 584 883 Burgis
611 806 684 862 erat
705 781 745 862 P.
769 796 990 877 Franciscus,
1013 816 1118 882 quum
1139 817 1207 883 ego
1227 795 1270 861 ad
1295 794 1390 860 illum
1411 791 1486 860 misi
1509 794 1612 859 Ioan-

388 935 468 982 nem
495 912 660 995 Paulum,
690 922 724 980 et
751 910 897 978 inuitaui
924 913 967 978 ad
994 911 1216 980 Lusitaniam.
1247 909 1351 978 Venit
1377 929 1455 975 cum
1484 911 1612 975 Busta·

388 1027 518 1094 mantio
534 1037 569 1094 et
585 1028 771 1095 Bemardo.
791 1026 873 1092 Eius
890 1026 1075 1094 auctoritas
1086 1046 1300 1110 summopere
1312 1023 1400 1090 iuuit
1411 1045 1466 1090 res
1483 1025 1615 1092 Portu-

390 1143 526 1230 galliae.

457 1258 608 1345 Exposui
634 1279 776 1328 examen
804 1268 840 1326 et
866 1257 979 1341 aliqua
1005 1277 1048 1322 ex
1075 1254 1388 1323 constitutionibus.
1411 1253 1614 1320 Confirmati

389 1372 541 1441 omnium
557 1372 660 1440 animi
674 1375 906 1441 vehementer:
930 1373 969 1438 fit
988 1393 1144 1439 summus
1155 1377 1344 1438 concursus
1356 1371 1399 1436 ad
1414 1369 1614 1460 conciones

390 1489 544 1555 Auctum
571 1500 623 1556 est
650 1487 833 1575 collegium
860 1486 1137 1573 vlissyponense,
1166 1485 1283 1553 addito
1302 1485 1308 1573 Ι
1328 1485 1519 1571 professore
1546 1484 1615 1550 lin-

391 1623 481 1689 guae
496 1623 642 1690 graecae
657 1613 692 1671 et
707 1601 904 1670 rethorices.
922 1602 1112 1670 Conficitur
1127 1613 1165 1668 vt
1180 1600 1343 1688 suscipiat
1364 1623 1424 1670 rex
1439 1610 1475 1668 et
1490 1599 1618 1668 ciuitas

392 1717 527 1804 collegij
546 1739 675 1786 curam.

458 1833 584 1921 Recepi
599 1833 713 1902 literas
729 1836 801 1901 aP.
817 1833 963 1920 Ignati0,
979 1835 1026 1916 5.⁰
1040 1832 1075 1920 (l)
1096 1835 1104 1866 ¹
1122 1853 1240 1900 mense
1255 1852 1357 1916 quam
1374 1831 1614 1912 discesseram,

391 1957 427 2016 et
438 1947 721 2015 constitutionum
732 1969 852 2017 verum
864 1948 1069 2033 exemplum.
1084 1948 1112 2013 F
1115 1947 1262 2014 undatur
1274 1947 1398 2013 domus
1408 1948 1560 2033 professa
1571 1948 1614 2013 ad
1723 2031 1726 2037 Ι

391 2062 463 2130 diui
478 2063 599 2132 Rochi.
623 2063 727 2130 Fiunt
746 2062 889 2150 professi
909 2081 932 2145 4
952 2073 1109 2130 votorum
1130 2064 1198 2129 don
1213 2063 1383 2147 Gonca10,
1408 2063 1466 2149 qui
1486 2075 1616 2148 martyr

393 2177 469 2259 fuit,
488 2176 662 2246 Antonius
677 2200 697 2244 a
713 2179 885 2263 Quade,
903 2177 963 2262 qui
978 2189 1031 2244 est
1046 2177 1162 2247 Indiae
1176 2177 1405 2264 prouincialis,
1425 2188 1459 2246 et
1475 2179 1614 2245 Gonza-

392 2292 459 2359 lius
475 2291 615 2374 Vazius,
633 2293 692 2378 qui
708 2304 760 2362 est
776 2302 935 2361 mortuus
948 2291 1167 2380 prouincialis
1188 2291 1396 2361 Lusitaniae.
1415 2294 1542 2368 Factus
1562 2303 1621 2361 est·

393 2406 571 2474 coadiutor
598 2409 779 2490 formatus,
808 2419 843 2476 et
871 2428 889 2475 2
918 2407 1097 2476 ediderunt
1123 2419 1206 2476 vota
1232 2408 1528 2476 scholasticorum:
1558 2410 1617 2496 alij

393 2523 637 2607 sequebantur,
651 2523 710 2609 qui
722 2525 1022 2610 repraesentabant
1033 2523 1193 2591 nouitios:
1208 2526 1293 2592 haec
1305 2545 1419 2592 coram
1432 2546 1527 2612 rege,
1546 2535 1613 2594 etc.

394 2637 510 2705 Habui
525 2659 592 2725 ego
607 2638 805 2707 concionem
818 2639 929 2706 victus
941 2638 1196 2725 importunitate
1208 2650 1414 2721 nostrorum,
1428 2661 1516 2725 quae
1528 2643 1621 2710 male

394 2753 508 2820 cessit.
527 2754 557 2821 4
574 2753 834 2839 Syndicationes
846 2753 1021 2822 concionis
1035 2777 1144 2824 meae.

462 2868 527 2955 Egi
554 2889 633 2936 cum
660 2869 789 2956 aliquot
815 2869 1047 2938 desertoribus
1072 2869 1180 2939 libere
1206 2880 1241 2939 et
1261 2872 1485 2940 confidenter:
1504 2893 1619 2958 neque

394 2983 487 3049 volui
503 2982 637 3050 illorum
652 3005 774 3051 causas
789 2983 919 3054 audire:
939 2994 1071 3052 tanturn
1087 2985 1169 3067 dixi,
1184 2985 1213 3053 si
1228 2987 1355 3054 vellent
1371 2988 1494 3071 redire,
1508 3009 1564 3056 me
1575 3011 1617 3056 ea

395 3097 440 3166 de
455 3119 586 3165 recum
603 3097 685 3184 ipsis
701 3109 869 3167 acturum.

462 3214 602 3298 Quanta
616 3213 832 3302 simplicitate
848 3213 983 3302 egimus
1000 3215 1112 3285 Miron
1128 3227 1163 3285 et
1178 3237 1245 3304 ego
1260 3217 1352 3304 apud
1369 3239 1499 3306 regem.

464 3330 645 3414 Quomodo
658 3329 771 3397 Miron
783 3333 909 3418 agebat
920 3333 963 3398 de
972 3333 1076 3401 rebus
1085 3331 1207 3398 indicis
1216 3353 1295 3400 cum
1305 3335 1444 3401 nostris.
1459 3337 1500 3402 P.
1512 3337 1540 3404 F
1542 3357 1622 3402 ran·

395 3442 508 3512 ciscus
523 3444 746 3512 concionatur
765 3465 844 3513 cum
864 3447 977 3515 laude.
997 3446 1113 3515 Alitur
1132 3469 1153 3514 a
1172 3468 1267 3535 rege,
1285 3469 1325 3516 ac
1345 3449 1516 3518 dominus.
1540 3451 1624 3518 Fdit

395 3561 514 3627 ludum
535 3561 764 3628 chartularum
785 3561 1007 3648 spiritualem.
1031 3563 1203 3633 Conuenit
1224 3563 1312 3632 inter
1327 3586 1390 3632 nos
1414 3577 1453 3631 vt
1472 3567 1621 3652 praeiret

397 3676 437 3741 P.
460 3674 663 3743 Franciscus
691 3677 899 3758 Cordubam,
929 3679 1011 3745 dum
1039 3700 1105 3765 ego
1128 3679 1307 3747 visitabam
1329 3681 1561 3750 Conimbriam
1584 3696 1624 3751 et

396 3790 554 3857 Eboram:
577 3789 584 3879 Ι
603 3811 738 3858 rursum
750 3791 829 3859 dedi
841 3791 890 3858 illi
901 3792 1062 3860 loannem
1071 3795 1216 3861 Paulum
1228 3795 1621 3866 comitemEmimulam

396 3915 432 3972 et
447 3906 591 3987 mulum,
609 3905 704 3973 illum
720 3907 856 3974 loannis
872 3907 985 3990 Pauli,
1003 3918 1068 3976 etc.
1088 3908 1357 3980 Discedebamus
1372 3911 1485 3981 Miron
1500 3925 1535 3983 et
1551 3937 1621 4002 ego

396 4022 526 4106 absque
546 4021 713 4108 pecunijs.
732 4021 821 4089 Dedi
837 4021 1113 4106 constitutiones,
1131 4025 1209 4093 dedi
1226 4029 1377 4114 regulas,
1395 4029 1510 4097 addidi
1533 4051 1625 4117 quae

396 4134 601 4204 videbantur
616 4135 729 4220 vtileS,
752 4148 787 4205 et
807 4149 889 4206 sunt
912 4139 1066 4207 ordinata
1089 4161 1177 4227 quae
1204 4153 1380 4228 praeterea
1400 4145 1620 4214 videbantur.

452 4353 460 4383 ¹
499 4349 564 4406 Non
574 4352 652 4406 clare
665 4349 795 4406 discerni
808 4353 888 4408 valet
900 4352 970 4425 quid
983 4355 1038 4410 boc
1055 4355 1119 4410 loco
1132 4355 1273 4428 scriptum
1287 4355 1390 4414 fuerit.
1407 4360 1452 4414 Ex
1466 4361 1558 4432 epist.
1575 4363 1624 4430 58,

397 4455 426 4491 n.
440 4450 468 4507 7,
482 4445 582 4494 nostra
604 4438 693 4496 lectio
715 4441 914 4497 commendari
927 4441 1054 4512 videtur;
1068 4461 1086 4498 a
1098 4460 1199 4500 mense
1218 4445 1296 4501 enim
1310 4445 1432 4519 Aprilis,
1449 4467 1508 4522 quo
1526 4449 1624 4507 Nadal

395 4526 488 4582 Roma
504 4526 693 4599 discesserat,
712 4529 749 4585 ad
770 4528 987 4602 Septembrem,
997 4548 1056 4606 quo
1072 4534 1214 4605 epistolae
1235 4535 1344 4606 Ignatii
1361 4536 1419 4609 ipsi
1438 4539 1624 4612 Ulyssipone

394 4613 482 4669 datae
492 4613 623 4688 fuerunt,
636 4618 766 4692 quinque
779 4618 896 4675 circiter
910 4637 1027 4676 menses
1045 4621 1229 4678 effluxerant.
