3634 5396
867 435 972 490 Emsr.
992 432 1029 488 P.
1052 431 1165 490 Neon
1262 451 1266 460 ·

995 691 1038 758 Ll

745 841 1074 902 STANISLAUS
1096 840 1287 900 HOSIUS

840 959 996 1016 cardinalis
1009 954 1182 1014 varmiensis

772 1099 878 1147 parnt
892 1095 1022 1159 Jonuru
1037 1097 1083 1143 oa
1096 1094 1260 1142 bornaco

646 1214 935 1298 Heilsbergae,
965 1232 986 1298 9
1013 1208 1196 1295 Augusti
1227 1209 1321 1293 1565
1353 1211 1375 1275 ¹.

702 1348 748 1402 Da
761 1345 848 1402 rebus
862 1343 1008 1399 Poloniae
1020 1346 1049 1397 et
1058 1358 1131 1396 suaa
1143 1341 1317 1397 dioeceseos.

468 1470 552 1536 Rde.
573 1468 687 1543 Pater,
705 1461 813 1530 amice
829 1459 864 1526 in
879 1457 1017 1526 Christo
1033 1455 1241 1524 charissime.
1260 1457 1388 1544 Accepi
1400 1460 1535 1525 tandem
1548 1459 1621 1523 lite-

401 1579 457 1626 ras
471 1560 515 1624 D.
534 1557 593 1634 V.,
612 1553 736 1639 quibus
751 1549 836 1619 meis
852 1548 1044 1634 respondet.
1063 1544 1211 1612 Comitia
1230 1546 1489 1631 petricouiensia
1506 1568 1625 1615 reuera

400 1669 469 1714 non
485 1646 679 1712 habuerunt
694 1661 773 1708 eum
789 1637 938 1716 exitum,
960 1655 1061 1720 quem
1083 1633 1315 1720 cupiebamus.
1337 1634 1477 1702 Fuimus
1494 1634 1542 1701 ibi
1557 1638 1625 1702 duo

401 1734 605 1802 cardinales:
628 1727 842 1816 praestiterat
869 1747 910 1794 eo
937 1745 1112 1809 nunquam
1139 1723 1288 1790 venisse.
1315 1725 1354 1790 ln
1379 1723 1528 1790 diocoesi
1552 1723 1622 1812 [sic]

402 1847 489 1904 mea,
507 1822 596 1890 sicut
611 1829 711 1887 antea
727 1813 844 1901 scripsi
865 1816 891 1895 ¹,
914 1812 1007 1882 dedit
1027 1811 1246 1878 nihilominus
1267 1815 1362 1880 Deus
1377 1813 1624 1900 benignitatem

402 1935 511 1992 suam,
530 1910 621 1997 quod
641 1905 786 1992 quietior
808 1902 872 1969 tuit
891 1905 976 1969 haec
997 1900 1150 1986 proxima
1170 1922 1271 1985 quam
1291 1901 1347 1967 illa
1368 1901 1524 1988 superior
1540 1924 1623 1988 qua-

401 1999 606 2087 dragesima,
624 1995 689 2062 nisi
706 1995 809 2080 quod,
829 2012 930 2078 quem
947 2011 1013 2076 ego
1028 1987 1255 2075 proscriptum
1270 1990 1419 2057 externis
1435 1990 1519 2057 meis
1535 2013 1623 2058 anno

402 2089 588 2175 superiore,
607 2085 655 2152 sic
671 2081 793 2150 vestris
808 2078 1002 2146 volentibus
1017 2077 1243 2160 restituerem,
1265 2080 1356 2164 apud
1371 2100 1448 2147 eum
1464 2079 1550 2145 nihil
1566 2101 1623 2147 ve-

402 2179 464 2246 stri
478 2178 709 2264 profecerunt,
727 2181 762 2238 et
776 2181 829 2237 est
844 2189 936 2234 nunc
960 2165 1162 2253 pertinacior
1182 2187 1283 2251 quarn
1303 2166 1368 2232 fuit
1386 2178 1503 2249 antea3
1523 2191 1623 2252 quarn

402 2269 446 2334 ob
462 2286 600 2334 causam
616 2283 694 2329 eum
707 2262 820 2326 denuo
836 2256 1046 2342 proscribere
1061 2276 1136 2321 sum
1149 2267 1299 2322 ooactus.
1314 2255 1517 2322 Trideistam
1529 2258 1622 2322 illum

401 2354 599 2443 palatinum,
613 2350 814 2427 vilnensem,
828 2366 903 2414 esse
919 2353 1089 2410 mortuum
1105 2342 1172 2409 iam
1188 2343 1318 2429 pridem
1330 2345 1373 2411 ad
1383 2366 1445 2411 vos
1456 2346 1622 2431 perlatum

400 2465 476 2513 esse
492 2453 589 2528 puto.
608 2438 702 2508 Nihil
716 2437 832 2523 itaque
847 2433 969 2500 vestris
984 2435 1026 2498 ab
1049 2432 1106 2499 illo
1127 2434 1347 2500 metuendum
1369 2432 1434 2500 iam
1455 2433 1533 2500 erit.
1552 2435 1621 2501 Do-

402 2533 541 2601 lendum
552 2540 605 2598 est
620 2528 711 2612 quod
727 2547 795 2592 non
811 2522 855 2590 sit
870 2533 1026 2590 mortuus
1040 2532 1121 2588 ante
1137 2542 1183 2588 xv
1204 2543 1323 2602 annos
1347 2522 1459 2590 minus
1474 2522 1556 2588 mali
1571 2521 1621 2588 vi-

403 2622 509 2689 disset
525 2617 681 2696 Polonia,
704 2614 817 2680 minus
837 2611 937 2679 etiam
958 2609 1171 2676 cruciatuum
1192 2609 1281 2676 illius
1304 2609 1415 2678 anima
1436 2633 1530 2678 nunc
1545 2633 1620 2697 per-

400 2709 611 2778 sentisceret.
630 2704 768 2773 Vtinam
785 2710 899 2768 autem
916 2699 1016 2764 simul
1032 2698 1181 2764 extincta
1195 2698 1239 2764 sit
1254 2698 1344 2765 illius
1355 2699 1517 2780 haeresis,
1536 2719 1621 2785 quae

399 2799 495 2885 viget
511 2793 743 2872 nihilominus,
760 2810 825 2859 nec
841 2789 913 2856 suis
927 2801 979 2856 est
995 2785 1147 2874 patronis
1162 2786 1338 2854 destituta.

467 2883 663 2954 Pultouiam
678 2892 715 2947 vt
731 2890 862 2946 vestros
877 2875 1020 2942 mittatis
1035 2876 1176 2955 suade0,
1194 2887 1324 2942 semota
1343 2875 1464 2960 quauis
1480 2891 1622 2944 cuncta-

398 2977 501 3043 tione.
521 2973 690 3056 Deinceps
706 2968 780 3054 alijs
797 2986 933 3052 quoque
947 2964 1030 3031 locis
1045 2963 1191 3050 prospici
1208 2964 1342 3050 poterit.
1363 2967 1473 3033 Breue
1484 2965 1530 3034 de
1541 2987 1621 3052 pro-

398 3064 567 3132 mouendo
583 3062 627 3128 ad
642 3079 755 3128 sacros
771 3055 918 3133 ordinae,
939 3052 1006 3119 iam
1026 3055 1154 3133 habeo,
1175 3064 1210 3119 et
1230 3075 1272 3120 ex
1295 3053 1416 3122 vestris
1436 3056 1525 3120 duos
1541 3075 1618 3140 pro-

397 3151 502 3232 moui,
518 3153 659 3220 Scotum
671 3158 707 3216 et
718 3144 892 3216 Simonem
906 3145 1123 3228 Hageuaum.
1142 3135 1257 3208 Ruunt
1269 3141 1440 3208 dominum
1454 3141 1634 3210 vicarium·

398 3264 465 3309 vna
484 3261 562 3307 cum
585 3241 627 3306 P.
655 3238 852 3305 Salmerone
878 3242 912 3298 et
933 3229 1071 3298 Canisio
1091 3231 1215 3296 salutet
1235 3229 1347 3299 verbis
1367 3231 1463 3310 meis
1486 3230 1617 3299 etiamsi

397 3351 462 3397 nec
478 3330 622 3396 salutem
638 3324 686 3391 illi
702 3345 765 3391 nec
780 3321 895 3388 literas
910 3321 954 3385 ad
970 3340 1024 3386 me
1039 3319 1218 3400 dederunt3
1237 3319 1298 3386 sed
1313 3319 1363 3386 sic
1385 3330 1436 3389 est
1453 3341 1528 3387 mos
1545 3320 1616 3388 illo-

396 3441 490 3500 rum,
509 3415 690 3504 praecipue
707 3416 749 3480 P.
772 3407 975 3479 Salmeroni.
1005 3410 1093 3475 Nam
1117 3408 1201 3474 alter
1221 3407 1400 3476 officiosior
1421 3418 1537 3477 tamen
1553 3421 1614 3477 est.

397 3507 521 3577 Calicis
544 3527 614 3572 non
636 3523 714 3572 eum
730 3519 926 3567 successum
944 3497 1114 3578 futurum,
1137 3518 1238 3580 quem
1261 3495 1485 3584 opinabantur
1506 3497 1615 3582 multi,

396 3597 538 3684 pridem,
556 3592 761 3678 augurabar3
779 3587 999 3672 quamobrem
1015 3585 1108 3672 prius
1124 3584 1256 3651 restitui
1277 3585 1398 3653 missae
1414 3585 1617 3654 sacrificium

397 3685 591 3771 cupiebant,
609 3682 652 3748 ab
667 3679 721 3764 ijs,
745 3697 889 3762 quorum
911 3695 1015 3740 causa
1036 3674 1230 3760 petebatur,
1254 3696 1355 3759 quam
1375 3675 1418 3743 de
1433 3675 1540 3742 calice
1556 3678 1616 3743 de-

397 3774 599 3842 cernebatur
615 3767 751 3852 aliquid.
772 3765 875 3850 Quod
890 3762 934 3848 ad
949 3763 1163 3830 sacerdotum
1180 3762 1378 3850 coniugium
1396 3763 1529 3845 attinet,
1548 3785 1615 3831 non

397 3862 496 3929 video
512 3859 594 3946 quid
613 3855 740 3944 sperari
760 3852 881 3920 melius
901 3850 1018 3937 possit:
1042 3850 1173 3917 vtinam
1194 3850 1268 3918 tolli
1283 3863 1398 3937 posset
1418 3851 1566 3920 ebrietas
1581 3853 1615 3919 in

396 3948 591 4020 Germania:
609 3967 679 4012 non
694 3945 742 4011 ita
757 3963 882 4028 magno
901 3939 1047 4026 negocio
1066 3939 1137 4005 vita
1157 3960 1294 4026 quoque
1314 3941 1488 4008 tolleretur
1503 3940 1615 4028 impu-

395 4041 485 4108 dica.
509 4035 611 4123 Quod
627 4033 655 4100 si
671 4055 732 4119 per
746 4042 893 4098 vestram
914 4027 1118 4097 Societatem
1134 4050 1203 4095 non
1219 4028 1267 4096 ita
1283 4027 1384 4097 fuerit
1408 4039 1502 4097 aetas
1518 4041 1613 4099 tene·
1630 4059 1634 4068 ·

395 4129 465 4196 rior
479 4128 635 4204 educata,
652 4133 690 4188 vt
704 4119 812 4207 possit
826 4141 907 4187 vere
923 4116 1068 4186 caelibes
1084 4115 1256 4184 ministros
1271 4117 1368 4184 nobis
1384 4118 1611 4204 suppeditare,

396 4239 465 4286 non
480 4215 580 4283 video
595 4211 686 4297 quod
702 4209 794 4276 aliud
815 4205 1000 4274 remedium
1016 4205 1162 4274 inueniri
1183 4205 1302 4291 possit.
1331 4207 1398 4275 Sed
1415 4227 1612 4292 persuasum

394 4321 447 4376 est
463 4303 665 4392 quibusdam
681 4295 921 4386 impossibilem
933 4316 1008 4362 esse
1019 4294 1274 4376 continentiam,
1289 4315 1376 4382 quae
1387 4295 1468 4362 mihi
1481 4295 1613 4364 videtur

400 4443 609 4460 -———-—

446 4519 456 4554 ¹
494 4519 537 4574 Ex
550 4515 721 4584 archetypo,
735 4509 765 4566 in
780 4507 852 4565 Cod.
868 4507 914 4580 38,
927 4505 1035 4580 duplici
1048 4506 1112 4580 rot,
1127 4519 1175 4562 121
1189 4511 1276 4578 (199).

446 4595 458 4626 ¹
495 4588 571 4644 Vide
584 4582 724 4659 append,
738 4581 773 4637 L.
