3504 5386
381 521 433 576 452
688 497 690 502 ’
807 497 964 558 Rasna.
984 494 1187 553 Nauae-332

380 659 408 724 F
409 679 522 725 ranza.
538 658 564 723 ll
576 657 697 724 fiorino
709 676 894 743 pagaremo
908 654 940 719 al
951 652 1038 720 Rdo.
1055 651 1166 719 Padre
1177 647 1397 736 prouinciale:
1411 659 1446 714 et
1457 648 1488 713 al
1501 649 1544 712 R.
1561 646 1602 711 P.

379 773 521 840 Canisio
532 772 555 837 li
572 791 613 857 23
630 794 694 839 con
712 787 730 856 5
748 769 842 837 taleri
859 768 958 856 peril
978 765 1102 833 viatico
1122 767 1187 832 alla
1203 763 1310 851 prima
1325 761 1542 830 commoditas.
1561 761 1603 828 Ci

379 891 425 956 ha
445 889 524 954 dato
544 891 589 954 N.
612 890 649 957 S.
671 888 695 954 li
718 885 830 974 giomi
851 883 975 972 passati
995 905 1041 948 vn
1062 883 1152 948 bono
1172 901 1285 968 pesce:
1307 879 1491 967 egiouane
1506 877 1544 944 di
1561 895 1599 942 21

379 1007 473 1084 anni,
491 1004 622 1090 grande
641 1010 753 1091 poeta,
771 1013 806 1070 et
826 1002 914 1070 nelle
933 1001 1066 1078 lettere,
1085 1019 1182 1065 come
1201 1017 1319 1094 penso,
1336 994 1432 1084 greci
1451 1005 1485 1062 et
1505 992 1603 1060 latini

381 1119 448 1188 ben
464 1120 571 1185 dotto.
591 1121 647 1186 Ho
660 1119 749 1184 visto
765 1115 924 1203 stampati
936 1116 993 1202 gia
1006 1116 1039 1180 fa
1050 1137 1095 1180 vn
1108 1116 1175 1180 bon
1189 1125 1303 1198 tempo
1314 1111 1389 1178 suoi
1400 1110 1500 1178 versi.
1516 1111 1603 1175 Esso

380 1245 433 1301 sta
449 1236 539 1300 nella
554 1233 661 1320 prima
677 1231 888 1321 probatione,
906 1242 941 1300 et
956 1253 993 1297 se
1009 1239 1106 1316 porta
1122 1230 1201 1297 ben.
1219 1229 1309 1294 Fece
1321 1248 1407 1294 ame
1422 1227 1455 1294 la
1466 1225 1604 1292 conres-

381 1349 477 1418 sione
492 1350 653 1436 generale
669 1359 704 1416 et
720 1344 947 1434 grandissima
962 1343 1122 1412 instantia
1143 1345 1247 1410 molto
1263 1354 1376 1428 tempo
1388 1364 1447 1428 per
1462 1340 1605 1426 es[se]re

380 1464 415 1531 di
430 1463 550 1544 nostri,
564 1465 697 1533 benche
715 1465 807 1530 fusse
819 1461 877 1549 piri
889 1462 984 1550 volte
997 1461 1185 1527 rimandato
1196 1481 1256 1545 per
1268 1477 1410 1546 pensare
1421 1467 1456 1523 et
1467 1452 1606 1545 eslselre

381 1581 523 1666 probato
540 1579 677 1666 meglio.
696 1579 723 1645 ll
740 1579 827 1645 Rdo.
848 1578 959 1645 Padre
975 1575 1181 1662 prouinciale
1193 1573 1558 1659 desideraua,'quand0
1571 1571 1605 1635 fu

379 1694 453 1779 qui,
470 1695 615 1762 liberare
631 1696 678 1761 M.
692 1696 823 1782 Jacobo
838 1693 927 1759 della
944 1690 1009 1772 2.⁸,
1028 1690 1122 1758 accio
1137 1689 1306 1758 studiasse
1324 1689 1360 1756 in
1381 1686 1556 1773 theologia
1571 1697 1605 1754 et

382 1808 594 1895 philosophia
610 1807 746 1896 meglio,
764 1809 923 1876 hauendo
939 1807 1026 1874 assai
1042 1806 1123 1874 boni
1140 1805 1268 1886 talenti3
1283 1827 1338 1871 ma
1350 1805 1453 1870 allora
1465 1824 1535 1868 non
1547 1823 1604 1868 era

381 1927 445 1990 che
461 1935 585 2010 poteua
602 1923 761 2010 supplire:
781 1924 901 1991 adesso
917 1923 963 1988 mi
978 1944 1118 1991 occorse
1138 1933 1259 2006 questo
1279 1922 1324 1987 da
1343 1919 1401 2004 qui
1421 1940 1468 1984 vn
1488 1927 1603 2002 tempo

383 2038 468 2128 [sic],
483 2051 518 2108 et
534 2039 655 2108 scrisse
668 2040 700 2105 al
716 2039 911 2108 mcdesimo.
1132 2121 1136 2128 ,

447 2175 480 2238 4.
528 2155 657 2222 Stiamo
678 2156 799 2223 adesso
820 2155 876 2223 nel
896 2177 1027 2223 essame
1053 2153 1088 2219 di
1108 2151 1253 2220 scholari
1269 2153 1334 2219 che
1353 2153 1534 2221 restorono¹
1554 2152 1603 2217 fa-

381 2271 489 2337 cendo
505 2269 683 2338 assertioni
704 2293 765 2357 per
784 2271 807 2334 l’
823 2291 982 2358 ascensu.
1008 2268 1210 2355 Monsignor
1229 2271 1236 2301 ¹
1255 2267 1287 2335 ci
1307 2289 1444 2354 eompra
1464 2268 1605 2354 suppel-

382 2384 493 2451 lectile
509 2407 570 2471 per
584 2383 608 2449 li
625 2385 808 2451 conuittori
825 2396 860 2450 et
878 2386 911 2452 fa
925 2385 938 2417 ¹
955 2384 1112 2453 conciare
1124 2385 1157 2452 la
1169 2405 1247 2450 casa
1259 2387 1323 2451 che
1334 2383 1363 2450 si
1375 2386 1419 2449 ha
1431 2391 1605 2469 comprata

385 2522 446 2586 per
460 2500 533 2566 loro
549 2521 710 2586 appresso
727 2502 782 2568 del
802 2501 962 2587 collegio,
979 2503 1012 2568 la
1027 2503 1128 2588 quale
1147 2499 1176 2568 si
1197 2502 1217 2566 e
1233 2499 1410 2566 commoda
1425 2499 1533 2564 molto
1549 2519 1606 2583 per

384 2614 519 2683 diuerse
540 2637 631 2681 cose.
655 2617 699 2682 N.
723 2617 760 2684 S.
784 2614 834 2682 sia
854 2617 1000 2683 laudato.
1024 2619 1073 2683 La
1093 2616 1201 2684 faccia
1221 2605 1330 2682 anche
1349 2614 1405 2683 del
1423 2611 1606 2699 collegioe

340 2725 343 2732 ’
385 2741 475 2798 tutta
492 2741 620 2797 mutata
638 2731 672 2796 in
694 2731 822 2818 meglio
842 2734 897 2796 ch'
919 2732 951 2797 al
972 2743 1085 2818 tempo
1104 2731 1138 2798 di
1159 2734 1201 2799 V.
1222 2732 1263 2798 P.
1282 2730 1411 2798 Stiamo
1426 2727 1512 2808 sani,
1533 2729 1605 2795 laus

263 2869 267 2878 ¹
384 2845 562 2913 Crrnrsro.
581 2847 651 2914 Sua
667 2845 787 2933 Signa
806 2848 898 2913 Rana
914 2847 934 2912 e
948 2846 1088 2914 liberale
1103 2868 1236 2932 sempre
1252 2855 1286 2914 et
1302 2844 1445 2912 sollicita
1456 2865 1519 2930 per
1535 2841 1602 2909 noi:

383 2964 417 3027 la
432 2960 664 3051 ricommando
680 2962 903 3028 humilmente
919 2985 938 3027 a
954 2964 997 3029 V.
1015 2965 1070 3044 Ρ.,
1085 2965 1148 3030 che
1161 2961 1267 3028 faccia
1278 2963 1322 3030 N.
1338 2962 1375 3029 S.
1390 2981 1536 3046 pregare
1547 2979 1605 3045 per

384 3075 433 3142 lui
448 3087 483 3145 et
499 3098 612 3144 essere
628 3076 790 3163 participe
805 3078 848 3144 de
865 3075 875 3142 i
895 3076 974 3143 beni
990 3078 1078 3144 della
1092 3076 1315 3163 Compagnia.

453 3207 485 3276 5.
534 3193 600 3259 Per
617 3193 724 3259 Roma
740 3195 885 3262 hauemo
898 3192 1049 3260 mandati
1060 3192 1141 3259 duoi
1154 3193 1293 3279 gioueni
1305 3193 1340 3258 di
1351 3195 1481 3279 grande
1493 3203 1606 3279 espet-

379 3305 513 3375 tatione
530 3329 595 3373 con
611 3307 746 3373 licentia
761 3308 816 3374 del
834 3308 920 3374 Rdo.
942 3311 980 3374 P.
1000 3309 1044 3375 N.
1064 3307 1195 3377 Stiamo
1217 3307 1276 3392 qui
1297 3309 1340 3374 26
1355 3308 1443 3374 della
1459 3309 1608 3394 Compa-

385 3421 467 3509 gnia
488 3442 552 3487 con
574 3422 677 3507 quelli
697 3422 778 3488 duoi
799 3423 915 3508 nepoti
935 3423 969 3488 di
989 3426 1033 3490 D.
1057 3423 1250 3490 Francisc0.
1274 3423 1314 3491 Li
1334 3421 1520 3490 aduersarii
1541 3443 1607 3487 non

385 3541 500 3604 hanno
515 3540 579 3605 che
595 3538 680 3619 dire,
699 3539 728 3604 si
748 3561 818 3604 non
840 3541 903 3605 che
924 3550 1066 3625 spetano
1088 3541 1234 3624 qualche
1254 3560 1396 3606 excesso
1413 3539 1607 3605 oscandalo

385 3655 428 3720 de
449 3653 461 3717 i
485 3652 604 3732 nostri,
629 3675 727 3722 come
749 3655 825 3722 dice
849 3654 1062 3742 monsignor,
1087 3655 1122 3720 lo
1146 3655 1246 3740 quale
1268 3656 1313 3721 N.
1339 3655 1375 3722 S.
1401 3653 1603 3739 prohibisca.

382 3768 501 3837 Siamo
517 3767 597 3834 stati
614 3770 719 3836 molto
741 3769 905 3836 consolati
920 3771 977 3838 del
992 3773 1084 3837 bono
1104 3791 1287 3856 progressu
1303 3781 1338 3836 et
1357 3769 1473 3836 adiuto
1494 3771 1560 3836 che
1575 3770 1606 3833 fa

387 3887 431 3952 V.
452 3888 491 3950 P.
516 3883 571 3950 alli
595 3885 730 3972 collegii
750 3886 839 3953 della
859 3885 1033 3972 prouincia
1053 3884 1205 3972 superior
1224 3895 1259 3952 et
1279 3885 1313 3951 di
1333 3883 1482 3972 Dilinga.
1499 3887 1607 3972 Jssv·

386 4021 544 4068 cermsro
561 4002 594 4066 lo
610 4001 767 4098 conserui
782 4012 818 4068 et
834 4011 1018 4088 augmente
1035 4012 1136 4084 tutto,
1150 4011 1185 4068 et
1201 4000 1257 4066 dia
1268 4003 1300 4067 la
1315 4021 1376 4068 sua
1389 4009 1488 4067 santa
1499 3999 1608 4086 gratia

387 4139 522 4202 sempre
534 4115 602 4183 mai
614 4139 634 4183 a
646 4119 688 4182 V.
706 4120 761 4197 Ρ.,
775 4119 808 4183 la
820 4117 920 4203 quale
932 4119 1041 4183 anche
1052 4121 1081 4184 s'
1095 4116 1228 4202 impetri
1241 4138 1306 4182 con
1317 4119 1350 4182 le
1364 4138 1427 4184 sue
1442 4111 1514 4205 [sic]
1531 4137 1609 4182 san·

385 4231 507 4298 tissimi
528 4231 697 4298 sacrificii.
721 4231 765 4298 Di
787 4232 979 4318 Moguntia,
1002 4232 1058 4298 alli
1074 4255 1095 4319 9
1111 4232 1145 4297 di
1161 4233 1370 4302 Nouembre.
1388 4235 1493 4300 Anno
1515 4231 1607 4316 1563.

331 4405 334 4422 ,
389 4347 432 4413 V.
452 4348 494 4413 R.
512 4367 635 4412 seruus
651 4356 686 4414 et
701 4346 791 4414 filius
806 4345 981 4434 indignus,

1026 4463 1250 4552 Lrnnnnms
1265 4464 1436 4532 Aneros

444 4627 451 4658 ¹
490 4623 595 4677 Daniel
609 4613 735 4678 ¹Brehdel
749 4624 787 4677 ab
800 4623 964 4692 Homburg,
978 4621 1214 4694 archiepiscopus
1228 4623 1426 4694 moguntinus.

440 4711 452 4744 ²
481 4710 523 4783 sa
536 4711 667 4768 additum
680 4709 764 4767 suita
778 4712 914 4767 Polanco.
945 4721 948 4728 '
967 4721 968 4724 ’
