<?xml version="1.0" encoding="UTF-8"?>
<!DOCTYPE html PUBLIC "-//W3C//DTD XHTML 1.0 Transitional//EN"
    "http://www.w3.org/TR/xhtml1/DTD/xhtml1-transitional.dtd">
<html xmlns="http://www.w3.org/1999/xhtml" xml:lang="en" lang="en">
 <head>
  <title>
</title>
<meta http-equiv="Content-Type" content="text/html;charset=utf-8" />
  <meta name='ocr-system' content='tesseract 3.04.00' />
  <meta name='ocr-capabilities' content='ocr_page ocr_carea ocr_par ocr_line ocrx_word'/>
</head>
<body>
  <div class='ocr_page' id='page_1' title='image "./epistolaephiero00nadagoog_0065.png"; bbox 0 0 3666 5384; ppageno 0'>
   <div class='ocr_carea' id='block_1_1' title="bbox 376 457 1179 518">
    <p class='ocr_par' dir='ltr' id='par_1_1' title="bbox 376 457 1179 518">
     <span class='ocr_line' id='line_1_1' title="bbox 376 457 1179 518; baseline 0.001 -3"><span class='ocrx_word' id='word_1_1' title='bbox 376 457 413 515; x_wconf 88' lang='lat'><strong>38</strong></span> <span class='ocrx_word' id='word_1_2' title='bbox 800 461 834 515; x_wconf 94' lang='lat' dir='ltr'><strong>P.</strong></span> <span class='ocrx_word' id='word_1_3' title='bbox 855 460 996 517; x_wconf 63' lang='lat' dir='ltr'><strong>Nerius</strong></span> <span class='ocrx_word' id='word_1_4' title='bbox 1014 461 1179 518; x_wconf 70' lang='lat' dir='ltr'><strong>Eranusa.</strong></span> 
     </span>
    </p>
   </div>
   <div class='ocr_carea' id='block_1_2' title="bbox 375 611 1604 818">
    <p class='ocr_par' dir='ltr' id='par_1_2' title="bbox 375 611 1604 818">
     <span class='ocr_line' id='line_1_2' title="bbox 376 611 1604 701; baseline 0.001 -22"><span class='ocrx_word' id='word_1_5' title='bbox 376 615 438 682; x_wconf 85' lang='lat' dir='ltr'><strong>sed</strong></span> <span class='ocrx_word' id='word_1_6' title='bbox 453 613 537 680; x_wconf 87' lang='lat' dir='ltr'><strong>nihil</strong></span> <span class='ocrx_word' id='word_1_7' title='bbox 553 612 664 682; x_wconf 85' lang='lat' dir='ltr'><strong>solidi:</strong></span> <span class='ocrx_word' id='word_1_8' title='bbox 682 635 802 701; x_wconf 82' lang='lat' dir='ltr'><strong>parum</strong></span> <span class='ocrx_word' id='word_1_9' title='bbox 817 613 900 683; x_wconf 90' lang='lat' dir='ltr'><strong>inde</strong></span> <span class='ocrx_word' id='word_1_10' title='bbox 914 611 1093 684; x_wconf 88' lang='lat' dir='ltr'><strong>retulimus</strong></span> <span class='ocrx_word' id='word_1_11' title='bbox 1108 612 1192 701; x_wconf 85' lang='lat' dir='ltr'><strong>spei.</strong></span> <span class='ocrx_word' id='word_1_12' title='bbox 1207 612 1384 699; x_wconf 89' lang='lat' dir='ltr'><strong>Redijmus</strong></span> <span class='ocrx_word' id='word_1_13' title='bbox 1399 612 1604 700; x_wconf 84' lang='lat' dir='ltr'>Ferrariam,</span> 
     </span>
     <span class='ocr_line' id='line_1_3' title="bbox 375 727 1416 818; baseline -0.001 -23"><span class='ocrx_word' id='word_1_14' title='bbox 375 730 478 809; x_wconf 91' lang='lat' dir='ltr'><strong>vnde,</strong></span> <span class='ocrx_word' id='word_1_15' title='bbox 496 729 600 796; x_wconf 90' lang='lat' dir='ltr'><strong>rebus</strong></span> <span class='ocrx_word' id='word_1_16' title='bbox 615 727 822 812; x_wconf 87' lang='lat' dir='ltr'><strong>constitutis,</strong></span> <span class='ocrx_word' id='word_1_17' title='bbox 839 728 998 799; x_wconf 89' lang='lat' dir='ltr'><strong>venimus</strong></span> <span class='ocrx_word' id='word_1_18' title='bbox 1012 751 1074 818; x_wconf 88' lang='lat' dir='ltr'><strong>per</strong></span> <span class='ocrx_word' id='word_1_19' title='bbox 1090 740 1224 799; x_wconf 87' lang='lat' dir='ltr'><strong>montes</strong></span> <span class='ocrx_word' id='word_1_20' title='bbox 1235 730 1374 798; x_wconf 87' lang='lat' dir='ltr'><strong>Ienuam</strong></span> <span class='ocrx_word' id='word_1_21' title='bbox 1394 731 1416 794; x_wconf 81' lang='lat'><strong>¹.</strong></span> 
     </span>
    </p>
   </div>
   <div class='ocr_carea' id='block_1_3' title="bbox 442 907 1055 977">
    <p class='ocr_par' dir='ltr' id='par_1_3' title="bbox 442 907 1055 977">
     <span class='ocr_line' id='line_1_4' title="bbox 442 907 1055 977; baseline 0.008 -5"><span class='ocrx_word' id='word_1_22' title='bbox 442 907 542 973; x_wconf 68' lang='grc'><strong>590</strong></span> <span class='ocrx_word' id='word_1_23' title='bbox 916 909 1055 977; x_wconf 75' lang='lat' dir='ltr'><strong>Iasona</strong></span> 
     </span>
    </p>
   </div>
   <div class='ocr_carea' id='block_1_4' title="bbox 312 1074 1605 2548">
    <p class='ocr_par' dir='ltr' id='par_1_4' title="bbox 312 1074 1605 1952">
     <span class='ocr_line' id='line_1_5' title="bbox 442 1074 1600 1165; baseline 0.001 -23"><span class='ocrx_word' id='word_1_24' title='bbox 442 1074 491 1142; x_wconf 93' lang='lat' dir='ltr'><strong>Ibi</strong></span> <span class='ocrx_word' id='word_1_25' title='bbox 518 1085 592 1144; x_wconf 90' lang='lat' dir='ltr'><strong>erat</strong></span> <span class='ocrx_word' id='word_1_26' title='bbox 619 1076 686 1143; x_wconf 90' lang='lat' dir='ltr'><strong>iam</strong></span> <span class='ocrx_word' id='word_1_27' title='bbox 712 1077 865 1146; x_wconf 85' lang='lat' dir='ltr'><strong>Loartes.</strong></span> <span class='ocrx_word' id='word_1_28' title='bbox 893 1076 1051 1145; x_wconf 87' lang='lat' dir='ltr'><strong>Visitaui.</strong></span> <span class='ocrx_word' id='word_1_29' title='bbox 1076 1076 1219 1165; x_wconf 88' lang='lat' dir='ltr'><strong>Egimus</strong></span> <span class='ocrx_word' id='word_1_30' title='bbox 1242 1077 1286 1147; x_wconf 91' lang='lat' dir='ltr'><strong>de</strong></span> <span class='ocrx_word' id='word_1_31' title='bbox 1312 1078 1414 1144; x_wconf 91' lang='lat' dir='ltr'><strong>domo</strong></span> <span class='ocrx_word' id='word_1_32' title='bbox 1434 1098 1600 1162; x_wconf 90' lang='lat' dir='ltr'><strong>quorum-</strong></span> 
     </span>
     <span class='ocr_line' id='line_1_6' title="bbox 375 1175 1605 1280; baseline 0.002 -23"><span class='ocrx_word' id='word_1_33' title='bbox 375 1192 454 1258; x_wconf 88' lang='lat' dir='ltr'><strong>dam</strong></span> <span class='ocrx_word' id='word_1_34' title='bbox 466 1191 754 1278; x_wconf 85' lang='lat' dir='ltr'><strong>presbyterorum,</strong></span> <span class='ocrx_word' id='word_1_35' title='bbox 773 1175 860 1278; x_wconf 81' lang='lat' dir='ltr'><strong>quae</strong></span> <span class='ocrx_word' id='word_1_36' title='bbox 872 1192 1029 1260; x_wconf 92' lang='lat' dir='ltr'><strong>condicio</strong></span> <span class='ocrx_word' id='word_1_37' title='bbox 1048 1191 1130 1259; x_wconf 91' lang='lat' dir='ltr'><strong>mihi</strong></span> <span class='ocrx_word' id='word_1_38' title='bbox 1146 1214 1216 1261; x_wconf 92' lang='lat' dir='ltr'><strong>non</strong></span> <span class='ocrx_word' id='word_1_39' title='bbox 1232 1192 1371 1280; x_wconf 84' lang='lat' dir='ltr'><strong>placuit.</strong></span> <span class='ocrx_word' id='word_1_40' title='bbox 1395 1191 1538 1280; x_wconf 87' lang='lat' dir='ltr'><strong>Egimus</strong></span> <span class='ocrx_word' id='word_1_41' title='bbox 1556 1193 1605 1260; x_wconf 86' lang='lat' dir='ltr'><strong>de</strong></span> 
     </span>
     <span class='ocr_line' id='line_1_7' title="bbox 375 1305 1603 1396; baseline -0.002 -20"><span class='ocrx_word' id='word_1_42' title='bbox 375 1306 439 1376; x_wconf 89' lang='lat' dir='ltr'><strong>Sti.</strong></span> <span class='ocrx_word' id='word_1_43' title='bbox 459 1305 553 1393; x_wconf 87' lang='lat' dir='ltr'><strong>Syri:</strong></span> <span class='ocrx_word' id='word_1_44' title='bbox 572 1317 646 1376; x_wconf 90' lang='lat' dir='ltr'><strong>erat</strong></span> <span class='ocrx_word' id='word_1_45' title='bbox 661 1329 716 1376; x_wconf 91' lang='lat' dir='ltr'><strong>res</strong></span> <span class='ocrx_word' id='word_1_46' title='bbox 732 1328 879 1396; x_wconf 86' lang='lat' dir='ltr'><strong>magnae</strong></span> <span class='ocrx_word' id='word_1_47' title='bbox 898 1307 1096 1375; x_wconf 82' lang='lat' dir='ltr'><strong>dificultatis</strong></span> <span class='ocrx_word' id='word_1_48' title='bbox 1116 1318 1152 1377; x_wconf 90' lang='lat' dir='ltr'><strong>et</strong></span> <span class='ocrx_word' id='word_1_49' title='bbox 1171 1307 1418 1395; x_wconf 76' lang='lat' dir='ltr'><strong>occupationis,</strong></span> <span class='ocrx_word' id='word_1_50' title='bbox 1436 1317 1603 1374; x_wconf 88' lang='lat' dir='ltr'><strong>ettamen</strong></span> 
     </span>
     <span class='ocr_line' id='line_1_8' title="bbox 375 1406 1603 1509; baseline -0.001 -20"><span class='ocrx_word' id='word_1_51' title='bbox 375 1423 445 1489; x_wconf 88' lang='lat' dir='ltr'><strong>dixi</strong></span> <span class='ocrx_word' id='word_1_52' title='bbox 461 1444 524 1490; x_wconf 88' lang='lat' dir='ltr'><strong>nos</strong></span> <span class='ocrx_word' id='word_1_53' title='bbox 540 1443 640 1509; x_wconf 87' lang='lat' dir='ltr'><strong>posse</strong></span> <span class='ocrx_word' id='word_1_54' title='bbox 655 1443 772 1489; x_wconf 89' lang='lat' dir='ltr'><strong>curam</strong></span> <span class='ocrx_word' id='word_1_55' title='bbox 788 1421 978 1491; x_wconf 86' lang='lat' dir='ltr'><strong>animarum</strong></span> <span class='ocrx_word' id='word_1_56' title='bbox 990 1421 1146 1509; x_wconf 85' lang='lat' dir='ltr'><strong>accipere</strong></span> <span class='ocrx_word' id='word_1_57' title='bbox 1161 1444 1205 1489; x_wconf 84' lang='lat' dir='ltr'><strong>ex</strong></span> <span class='ocrx_word' id='word_1_58' title='bbox 1215 1406 1333 1490; x_wconf 70' lang='lat' dir='ltr'><strong>nostro</strong></span> <span class='ocrx_word' id='word_1_59' title='bbox 1345 1421 1514 1503; x_wconf 88' lang='lat' dir='ltr'><strong>instituto,</strong></span> <span class='ocrx_word' id='word_1_60' title='bbox 1532 1443 1603 1489; x_wconf 90' lang='lat' dir='ltr'><strong>non</strong></span> 
     </span>
     <span class='ocr_line' id='line_1_9' title="bbox 376 1535 1600 1629; baseline 0 -25"><span class='ocrx_word' id='word_1_61' title='bbox 376 1548 414 1604; x_wconf 91' lang='lat' dir='ltr'><strong>vt</strong></span> <span class='ocrx_word' id='word_1_62' title='bbox 428 1537 569 1624; x_wconf 86' lang='lat' dir='ltr'><strong>parochi</strong></span> <span class='ocrx_word' id='word_1_63' title='bbox 584 1539 724 1607; x_wconf 85' lang='lat' dir='ltr'><strong>habent.</strong></span> <span class='ocrx_word' id='word_1_64' title='bbox 744 1537 809 1624; x_wconf 86' lang='lat' dir='ltr'><strong>Egi</strong></span> <span class='ocrx_word' id='word_1_65' title='bbox 826 1538 869 1607; x_wconf 92' lang='lat' dir='ltr'><strong>de</strong></span> <span class='ocrx_word' id='word_1_66' title='bbox 889 1537 1045 1606; x_wconf 88' lang='lat' dir='ltr'><strong>aedificio</strong></span> <span class='ocrx_word' id='word_1_67' title='bbox 1060 1547 1095 1605; x_wconf 89' lang='lat' dir='ltr'><strong>et</strong></span> <span class='ocrx_word' id='word_1_68' title='bbox 1109 1558 1218 1629; x_wconf 39' lang='lat' dir='ltr'><strong>,opere</strong></span> <span class='ocrx_word' id='word_1_69' title='bbox 1238 1537 1421 1606; x_wconf 87' lang='lat' dir='ltr'><strong>Saulorum</strong></span> <span class='ocrx_word' id='word_1_70' title='bbox 1441 1535 1478 1604; x_wconf 94' lang='lat' dir='ltr'><strong>in</strong></span> <span class='ocrx_word' id='word_1_71' title='bbox 1498 1537 1600 1615; x_wconf 82' lang='lat' dir='ltr'><strong>colle,</strong></span> 
     </span>
     <span class='ocr_line' id='line_1_10' title="bbox 312 1651 1599 1740; baseline -0.002 -20"><span class='ocrx_word' id='word_1_72' title='bbox 312 1725 317 1733; x_wconf 63' lang='grc'><em>,</em></span> <span class='ocrx_word' id='word_1_73' title='bbox 375 1675 463 1739; x_wconf 86' lang='lat' dir='ltr'><strong>quae</strong></span> <span class='ocrx_word' id='word_1_74' title='bbox 478 1674 598 1721; x_wconf 87' lang='lat' dir='ltr'><strong>rursus</strong></span> <span class='ocrx_word' id='word_1_75' title='bbox 613 1664 686 1720; x_wconf 90' lang='lat' dir='ltr'><strong>erat</strong></span> <span class='ocrx_word' id='word_1_76' title='bbox 702 1653 788 1720; x_wconf 90' lang='lat' dir='ltr'><strong>ratio</strong></span> <span class='ocrx_word' id='word_1_77' title='bbox 804 1651 984 1740; x_wconf 90' lang='lat' dir='ltr'><strong>impedita:</strong></span> <span class='ocrx_word' id='word_1_78' title='bbox 1003 1652 1104 1720; x_wconf 90' lang='lat' dir='ltr'><strong>simul</strong></span> <span class='ocrx_word' id='word_1_79' title='bbox 1120 1651 1177 1740; x_wconf 86' lang='lat' dir='ltr'><strong>egi</strong></span> <span class='ocrx_word' id='word_1_80' title='bbox 1193 1673 1276 1719; x_wconf 90' lang='lat' dir='ltr'><strong>cum·</strong></span> <span class='ocrx_word' id='word_1_81' title='bbox 1289 1653 1464 1739; x_wconf 89' lang='lat' dir='ltr'><strong>Stephano</strong></span> <span class='ocrx_word' id='word_1_82' title='bbox 1480 1652 1599 1732; x_wconf 79' lang='lat' dir='ltr'><strong>Sau10,</strong></span> 
     </span>
     <span class='ocr_line' id='line_1_11' title="bbox 375 1765 1598 1858; baseline -0.002 -23"><span class='ocrx_word' id='word_1_83' title='bbox 375 1768 441 1835; x_wconf 74' lang='grc'><strong>60</strong></span> <span class='ocrx_word' id='word_1_84' title='bbox 456 1768 515 1855; x_wconf 93' lang='lat' dir='ltr'><strong>qui</strong></span> <span class='ocrx_word' id='word_1_85' title='bbox 535 1769 672 1836; x_wconf 89' lang='lat' dir='ltr'><strong>volebat</strong></span> <span class='ocrx_word' id='word_1_86' title='bbox 694 1768 810 1838; x_wconf 90' lang='lat' dir='ltr'><strong>nescio</strong></span> <span class='ocrx_word' id='word_1_87' title='bbox 830 1765 1043 1858; x_wconf 84' lang='lat' dir='ltr'><strong>[quodnami]</strong></span> <span class='ocrx_word' id='word_1_88' title='bbox 1059 1789 1161 1836; x_wconf 90' lang='lat' dir='ltr'><strong>suum</strong></span> <span class='ocrx_word' id='word_1_89' title='bbox 1182 1789 1269 1854; x_wconf 91' lang='lat' dir='ltr'><strong>opus</strong></span> <span class='ocrx_word' id='word_1_90' title='bbox 1288 1767 1498 1855; x_wconf 89' lang='lat' dir='ltr'><strong>coniungere</strong></span> <span class='ocrx_word' id='word_1_91' title='bbox 1519 1787 1598 1834; x_wconf 90' lang='lat' dir='ltr'><strong>cum</strong></span> 
     </span>
     <span class='ocr_line' id='line_1_12' title="bbox 375 1883 859 1952; baseline 0.002 -2"><span class='ocrx_word' id='word_1_92' title='bbox 375 1895 503 1951; x_wconf 91' lang='lat' dir='ltr'><strong>nostro:</strong></span> <span class='ocrx_word' id='word_1_93' title='bbox 522 1904 586 1952; x_wconf 91' lang='lat' dir='ltr'><strong>nec</strong></span> <span class='ocrx_word' id='word_1_94' title='bbox 601 1888 667 1951; x_wconf 91' lang='lat' dir='ltr'><strong>hoc</strong></span> <span class='ocrx_word' id='word_1_95' title='bbox 681 1883 859 1952; x_wconf 88' lang='lat' dir='ltr'><strong>successit.</strong></span> 
     </span>
    </p>

    <p class='ocr_par' dir='ltr' id='par_1_5' title="bbox 372 1997 1597 2548">
     <span class='ocr_line' id='line_1_13' title="bbox 441 1997 1597 2086; baseline -0.001 -20"><span class='ocrx_word' id='word_1_96' title='bbox 441 2001 593 2067; x_wconf 86' lang='lat' dir='ltr'>Tandem</span> <span class='ocrx_word' id='word_1_97' title='bbox 625 2020 805 2069; x_wconf 82' lang='lat' dir='ltr'><strong>necessum</strong></span> <span class='ocrx_word' id='word_1_98' title='bbox 842 1999 906 2067; x_wconf 85' lang='lat' dir='ltr'><strong>tuit</strong></span> <span class='ocrx_word' id='word_1_99' title='bbox 927 2020 969 2068; x_wconf 87' lang='lat' dir='ltr'><strong>ex</strong></span> <span class='ocrx_word' id='word_1_100' title='bbox 1004 1999 1113 2067; x_wconf 88' lang='lat' dir='ltr'><strong>solitis</strong></span> <span class='ocrx_word' id='word_1_101' title='bbox 1147 1998 1372 2086; x_wconf 87' lang='lat' dir='ltr'><strong>eleemosynis</strong></span> <span class='ocrx_word' id='word_1_102' title='bbox 1405 1997 1504 2066; x_wconf 91' lang='lat' dir='ltr'><strong>Pauli</strong></span> <span class='ocrx_word' id='word_1_103' title='bbox 1524 1999 1597 2065; x_wconf 93' lang='lat' dir='ltr'><strong>Do-</strong></span> 
     </span>
     <span class='ocr_line' id='line_1_14' title="bbox 374 2114 1596 2202; baseline -0.003 -20"><span class='ocrx_word' id='word_1_104' title='bbox 374 2116 456 2196; x_wconf 86' lang='lat' dir='ltr'><strong>riae‚</strong></span> <span class='ocrx_word' id='word_1_105' title='bbox 474 2126 556 2196; x_wconf 78' lang='lat' dir='ltr'><strong>etc,</strong></span> <span class='ocrx_word' id='word_1_106' title='bbox 574 2114 693 2183; x_wconf 91' lang='lat' dir='ltr'><strong>viuere</strong></span> <span class='ocrx_word' id='word_1_107' title='bbox 708 2126 743 2184; x_wconf 91' lang='lat' dir='ltr'><strong>et</strong></span> <span class='ocrx_word' id='word_1_108' title='bbox 758 2115 906 2184; x_wconf 88' lang='lat' dir='ltr'><strong>retinere</strong></span> <span class='ocrx_word' id='word_1_109' title='bbox 917 2115 1009 2182; x_wconf 90' lang='lat' dir='ltr'><strong>illam</strong></span> <span class='ocrx_word' id='word_1_110' title='bbox 1021 2117 1159 2182; x_wconf 91' lang='lat' dir='ltr'><strong>domum</strong></span> <span class='ocrx_word' id='word_1_111' title='bbox 1175 2136 1279 2202; x_wconf 89' lang='lat' dir='ltr'><strong>supra</strong></span> <span class='ocrx_word' id='word_1_112' title='bbox 1296 2114 1444 2181; x_wconf 84' lang='lat' dir='ltr'><strong>furnum.</strong></span> <span class='ocrx_word' id='word_1_113' title='bbox 1461 2114 1596 2181; x_wconf 87' lang='lat' dir='ltr'><strong>Consu·</strong></span> 
     </span>
     <span class='ocr_line' id='line_1_15' title="bbox 373 2229 1596 2315; baseline 0 -19"><span class='ocrx_word' id='word_1_114' title='bbox 373 2233 484 2298; x_wconf 91' lang='lat' dir='ltr'><strong>lebam</strong></span> <span class='ocrx_word' id='word_1_115' title='bbox 499 2230 615 2298; x_wconf 87' lang='lat' dir='ltr'><strong>Loarti</strong></span> <span class='ocrx_word' id='word_1_116' title='bbox 630 2242 669 2296; x_wconf 90' lang='lat' dir='ltr'><strong>vt</strong></span> <span class='ocrx_word' id='word_1_117' title='bbox 684 2253 728 2300; x_wconf 90' lang='lat' dir='ltr'><strong>ne</strong></span> <span class='ocrx_word' id='word_1_118' title='bbox 744 2229 842 2298; x_wconf 89' lang='lat' dir='ltr'><strong>initio</strong></span> <span class='ocrx_word' id='word_1_119' title='bbox 857 2230 1118 2300; x_wconf 83' lang='lat' dir='ltr'><strong>concionaretur</strong></span> <span class='ocrx_word' id='word_1_120' title='bbox 1129 2230 1165 2296; x_wconf 93' lang='lat' dir='ltr'><strong>in</strong></span> <span class='ocrx_word' id='word_1_121' title='bbox 1177 2251 1310 2297; x_wconf 91' lang='lat' dir='ltr'><strong>summo</strong></span> <span class='ocrx_word' id='word_1_122' title='bbox 1324 2229 1462 2315; x_wconf 89' lang='lat' dir='ltr'><strong>templo,</strong></span> <span class='ocrx_word' id='word_1_123' title='bbox 1481 2250 1525 2296; x_wconf 92' lang='lat' dir='ltr'><strong>ne</strong></span> <span class='ocrx_word' id='word_1_124' title='bbox 1536 2249 1596 2296; x_wconf 91' lang='lat' dir='ltr'><strong>co-</strong></span> 
     </span>
     <span class='ocr_line' id='line_1_16' title="bbox 372 2343 1597 2434; baseline -0.006 -19"><span class='ocrx_word' id='word_1_125' title='bbox 372 2357 513 2434; x_wconf 85' lang='lat' dir='ltr'><strong>geretur</strong></span> <span class='ocrx_word' id='word_1_126' title='bbox 534 2346 670 2434; x_wconf 85' lang='lat' dir='ltr'><strong>regredi</strong></span> <span class='ocrx_word' id='word_1_127' title='bbox 686 2347 729 2413; x_wconf 88' lang='lat' dir='ltr'><strong>ad</strong></span> <span class='ocrx_word' id='word_1_128' title='bbox 745 2345 916 2414; x_wconf 84' lang='lat' dir='ltr'><strong>inferiora:</strong></span> <span class='ocrx_word' id='word_1_129' title='bbox 940 2345 1066 2412; x_wconf 93' lang='lat' dir='ltr'><strong>indulsi</strong></span> <span class='ocrx_word' id='word_1_130' title='bbox 1086 2345 1161 2413; x_wconf 89' lang='lat' dir='ltr'><strong>eius</strong></span> <span class='ocrx_word' id='word_1_131' title='bbox 1177 2345 1410 2432; x_wconf 89' lang='lat' dir='ltr'><strong>propensioni,</strong></span> <span class='ocrx_word' id='word_1_132' title='bbox 1429 2355 1464 2413; x_wconf 89' lang='lat' dir='ltr'><strong>et</strong></span> <span class='ocrx_word' id='word_1_133' title='bbox 1479 2343 1597 2413; x_wconf 89' lang='lat' dir='ltr'><strong>euenit</strong></span> 
     </span>
     <span class='ocr_line' id='line_1_17' title="bbox 372 2460 1173 2548; baseline 0.001 -22"><span class='ocrx_word' id='word_1_134' title='bbox 372 2460 421 2527; x_wconf 93' lang='lat' dir='ltr'><strong>illi</strong></span> <span class='ocrx_word' id='word_1_135' title='bbox 436 2463 528 2548; x_wconf 92' lang='lat' dir='ltr'><strong>quod</strong></span> <span class='ocrx_word' id='word_1_136' title='bbox 544 2462 706 2530; x_wconf 84' lang='lat' dir='ltr'><strong>dixeram.</strong></span> <span class='ocrx_word' id='word_1_137' title='bbox 726 2463 809 2530; x_wconf 90' lang='lat' dir='ltr'><strong>Inde</strong></span> <span class='ocrx_word' id='word_1_138' title='bbox 829 2461 910 2532; x_wconf 87' lang='lat' dir='ltr'><strong>veni</strong></span> <span class='ocrx_word' id='word_1_139' title='bbox 924 2461 1131 2529; x_wconf 84' lang='lat' dir='ltr'><strong>Florentiam</strong></span> <span class='ocrx_word' id='word_1_140' title='bbox 1147 2461 1173 2527; x_wconf 72' lang='lat'><strong>³.</strong></span> 
     </span>
    </p>
   </div>
   <div class='ocr_carea' id='block_1_5' title="bbox 440 2641 1102 2735">
    <p class='ocr_par' dir='ltr' id='par_1_6' title="bbox 440 2641 1102 2735">
     <span class='ocr_line' id='line_1_18' title="bbox 440 2641 1102 2735; baseline 0.003 -29"><span class='ocrx_word' id='word_1_141' title='bbox 440 2641 493 2706; x_wconf 77' lang='lat' dir='ltr'><strong>ot</strong></span> <span class='ocrx_word' id='word_1_142' title='bbox 520 2727 524 2735; x_wconf 23' lang='lat'>¹</span> <span class='ocrx_word' id='word_1_143' title='bbox 865 2641 1102 2709; x_wconf 75' lang='lat' dir='ltr'><strong>Fronsrrrms</strong></span> 
     </span>
    </p>
   </div>
   <div class='ocr_carea' id='block_1_6' title="bbox 370 2807 1595 3224">
    <p class='ocr_par' dir='ltr' id='par_1_7' title="bbox 370 2807 1595 3224">
     <span class='ocr_line' id='line_1_19' title="bbox 437 2807 1591 2896; baseline -0.002 -20"><span class='ocrx_word' id='word_1_144' title='bbox 437 2811 489 2877; x_wconf 92' lang='lat' dir='ltr'><strong>lbi</strong></span> <span class='ocrx_word' id='word_1_145' title='bbox 509 2821 582 2880; x_wconf 87' lang='lat' dir='ltr'><strong>erat</strong></span> <span class='ocrx_word' id='word_1_146' title='bbox 602 2811 646 2878; x_wconf 92' lang='lat' dir='ltr'><strong>D.</strong></span> <span class='ocrx_word' id='word_1_147' title='bbox 670 2809 814 2896; x_wconf 86' lang='lat' dir='ltr'><strong>Diegus,</strong></span> <span class='ocrx_word' id='word_1_148' title='bbox 838 2821 959 2896; x_wconf 91' lang='lat' dir='ltr'><strong>gratus</strong></span> <span class='ocrx_word' id='word_1_149' title='bbox 979 2809 1171 2891; x_wconf 88' lang='lat' dir='ltr'><strong>duchissae‚</strong></span> <span class='ocrx_word' id='word_1_150' title='bbox 1189 2807 1249 2895; x_wconf 92' lang='lat' dir='ltr'><strong>qui</strong></span> <span class='ocrx_word' id='word_1_151' title='bbox 1270 2820 1343 2878; x_wconf 90' lang='lat' dir='ltr'><strong>erat</strong></span> <span class='ocrx_word' id='word_1_152' title='bbox 1363 2807 1395 2877; x_wconf 90' lang='lat' dir='ltr'><strong>ei</strong></span> <span class='ocrx_word' id='word_1_153' title='bbox 1418 2817 1591 2893; x_wconf 83' lang='lat' dir='ltr'><strong>acceptus.</strong></span> 
     </span>
     <span class='ocr_line' id='line_1_20' title="bbox 371 2923 1586 3012; baseline 0.002 -20"><span class='ocrx_word' id='word_1_154' title='bbox 371 2927 474 2993; x_wconf 91' lang='lat' dir='ltr'><strong>Nulla</strong></span> <span class='ocrx_word' id='word_1_155' title='bbox 490 2926 545 2992; x_wconf 91' lang='lat' dir='ltr'><strong>hic</strong></span> <span class='ocrx_word' id='word_1_156' title='bbox 561 2936 635 2993; x_wconf 89' lang='lat' dir='ltr'><strong>erat</strong></span> <span class='ocrx_word' id='word_1_157' title='bbox 651 2936 734 2992; x_wconf 91' lang='lat' dir='ltr'><strong>tunc</strong></span> <span class='ocrx_word' id='word_1_158' title='bbox 753 2947 832 3011; x_wconf 85' lang='lat' dir='ltr'><strong>spes</strong></span> <span class='ocrx_word' id='word_1_159' title='bbox 849 2924 1015 2991; x_wconf 84' lang='lat' dir='ltr'><strong>fundandi</strong></span> <span class='ocrx_word' id='word_1_160' title='bbox 1030 2923 1179 3012; x_wconf 86' lang='lat' dir='ltr'><strong>collegij:</strong></span> <span class='ocrx_word' id='word_1_161' title='bbox 1199 2934 1332 2991; x_wconf 90' lang='lat' dir='ltr'><strong>tantum</strong></span> <span class='ocrx_word' id='word_1_162' title='bbox 1348 2924 1452 2991; x_wconf 89' lang='lat' dir='ltr'><strong>dabat</strong></span> <span class='ocrx_word' id='word_1_163' title='bbox 1469 2941 1533 2990; x_wconf 90' lang='lat'><strong>200</strong></span> <span class='ocrx_word' id='word_1_164' title='bbox 1555 2937 1586 2994; x_wconf 94' lang='grc' dir='ltr'>Δ</span> 
     </span>
     <span class='ocr_line' id='line_1_21' title="bbox 370 3017 1595 3127; baseline -0.003 -19"><span class='ocrx_word' id='word_1_165' title='bbox 370 3040 542 3108; x_wconf 90' lang='lat' dir='ltr'><strong>duchissa.</strong></span> <span class='ocrx_word' id='word_1_166' title='bbox 562 3039 721 3121; x_wconf 81' lang='lat' dir='ltr'><strong>visitani,</strong></span> <span class='ocrx_word' id='word_1_167' title='bbox 740 3051 806 3107; x_wconf 91' lang='lat' dir='ltr'><strong>etc.</strong></span> <span class='ocrx_word' id='word_1_168' title='bbox 826 3017 970 3127; x_wconf 83' lang='lat' dir='ltr'><strong>Egimus</strong></span> <span class='ocrx_word' id='word_1_169' title='bbox 985 3040 1029 3109; x_wconf 89' lang='lat' dir='ltr'><strong>de</strong></span> <span class='ocrx_word' id='word_1_170' title='bbox 1056 3039 1212 3108; x_wconf 86' lang='lat' dir='ltr'><strong>aedificio</strong></span> <span class='ocrx_word' id='word_1_171' title='bbox 1228 3061 1282 3120; x_wconf 92' lang='lat' dir='ltr'><strong>eo,</strong></span> <span class='ocrx_word' id='word_1_172' title='bbox 1301 3039 1393 3124; x_wconf 93' lang='lat' dir='ltr'><strong>quod</strong></span> <span class='ocrx_word' id='word_1_173' title='bbox 1405 3049 1525 3124; x_wconf 91' lang='lat' dir='ltr'><strong>postea</strong></span> <span class='ocrx_word' id='word_1_174' title='bbox 1542 3037 1595 3104; x_wconf 86' lang='lat' dir='ltr'><strong>sa-</strong></span> 
     </span>
     <span class='ocr_line' id='line_1_22' title="bbox 371 3155 818 3224; baseline 0 -2"><span class='ocrx_word' id='word_1_175' title='bbox 371 3166 465 3222; x_wconf 92' lang='lat' dir='ltr'><strong>ctum</strong></span> <span class='ocrx_word' id='word_1_176' title='bbox 481 3166 545 3224; x_wconf 90' lang='lat' dir='ltr'><strong>est.</strong></span> <span class='ocrx_word' id='word_1_177' title='bbox 563 3155 647 3224; x_wconf 90' lang='lat' dir='ltr'><strong>Inde</strong></span> <span class='ocrx_word' id='word_1_178' title='bbox 662 3157 818 3223; x_wconf 90' lang='lat' dir='ltr'><strong>Romam.</strong></span> 
     </span>
    </p>
   </div>
   <div class='ocr_carea' id='block_1_7' title="bbox 437 3336 1356 3404">
    <p class='ocr_par' dir='ltr' id='par_1_8' title="bbox 437 3336 1356 3404">
     <span class='ocr_line' id='line_1_23' title="bbox 437 3336 1356 3404; baseline -0.004 -1"><span class='ocrx_word' id='word_1_179' title='bbox 437 3336 498 3404; x_wconf 65' lang='lat'><strong>⁰2</strong></span> <span class='ocrx_word' id='word_1_180' title='bbox 614 3338 746 3404; x_wconf 81' lang='lat' dir='ltr'>ROMAE</span> <span class='ocrx_word' id='word_1_181' title='bbox 764 3356 810 3404; x_wconf 87' lang='lat' dir='ltr'><strong>EX</strong></span> <span class='ocrx_word' id='word_1_182' title='bbox 828 3355 1000 3404; x_wconf 83' lang='lat' dir='ltr'>MISSIONE</span> <span class='ocrx_word' id='word_1_183' title='bbox 1017 3355 1129 3403; x_wconf 80' lang='lat' dir='ltr'><strong>PRIMA</strong></span> <span class='ocrx_word' id='word_1_184' title='bbox 1145 3353 1356 3401; x_wconf 79' lang='lat' dir='ltr'>GERMANICA</span> 
     </span>
    </p>
   </div>
   <div class='ocr_carea' id='block_1_8' title="bbox 367 3500 1594 4059">
    <p class='ocr_par' dir='ltr' id='par_1_9' title="bbox 367 3500 1594 4059">
     <span class='ocr_line' id='line_1_24' title="bbox 437 3500 1594 3592; baseline -0.006 -20"><span class='ocrx_word' id='word_1_185' title='bbox 437 3505 504 3572; x_wconf 88' lang='lat' dir='ltr'><strong>Hic</strong></span> <span class='ocrx_word' id='word_1_186' title='bbox 519 3505 605 3572; x_wconf 93' lang='lat' dir='ltr'><strong>nihil</strong></span> <span class='ocrx_word' id='word_1_187' title='bbox 620 3506 677 3592; x_wconf 90' lang='lat' dir='ltr'><strong>egi</strong></span> <span class='ocrx_word' id='word_1_188' title='bbox 694 3529 736 3575; x_wconf 85' lang='lat' dir='ltr'><strong>ex</strong></span> <span class='ocrx_word' id='word_1_189' title='bbox 748 3505 872 3589; x_wconf 80' lang='lat' dir='ltr'><strong>offici03</strong></span> <span class='ocrx_word' id='word_1_190' title='bbox 887 3505 948 3574; x_wconf 87' lang='lat' dir='ltr'><strong>sed</strong></span> <span class='ocrx_word' id='word_1_191' title='bbox 960 3502 1111 3573; x_wconf 86' lang='lat' dir='ltr'><strong>intellexi</strong></span> <span class='ocrx_word' id='word_1_192' title='bbox 1118 3501 1231 3590; x_wconf 33' lang='lat' dir='ltr'><strong>,luisse</strong></span> <span class='ocrx_word' id='word_1_193' title='bbox 1246 3501 1420 3589; x_wconf 85' lang='lat' dir='ltr'><strong>ingratum</strong></span> <span class='ocrx_word' id='word_1_194' title='bbox 1434 3502 1473 3568; x_wconf 91' lang='lat' dir='ltr'><strong>P.</strong></span> <span class='ocrx_word' id='word_1_195' title='bbox 1489 3500 1594 3587; x_wconf 89' lang='lat' dir='ltr'><strong>Igna-</strong></span> 
     </span>
     <span class='ocr_line' id='line_1_25' title="bbox 369 3617 1592 3707; baseline -0.006 -21"><span class='ocrx_word' id='word_1_196' title='bbox 369 3620 430 3702; x_wconf 84' lang='lat' dir='ltr'><strong>tio,</strong></span> <span class='ocrx_word' id='word_1_197' title='bbox 460 3622 552 3707; x_wconf 92' lang='lat' dir='ltr'><strong>quod</strong></span> <span class='ocrx_word' id='word_1_198' title='bbox 568 3642 637 3687; x_wconf 91' lang='grc'><strong>000</strong></span> <span class='ocrx_word' id='word_1_199' title='bbox 652 3643 707 3690; x_wconf 89' lang='lat' dir='ltr'><strong>me</strong></span> <span class='ocrx_word' id='word_1_200' title='bbox 722 3621 770 3688; x_wconf 90' lang='lat' dir='ltr'><strong>ita</strong></span> <span class='ocrx_word' id='word_1_201' title='bbox 790 3621 973 3707; x_wconf 86' lang='lat' dir='ltr'><strong>gessissem</strong></span> <span class='ocrx_word' id='word_1_202' title='bbox 994 3640 1074 3686; x_wconf 91' lang='lat' dir='ltr'><strong>cum</strong></span> <span class='ocrx_word' id='word_1_203' title='bbox 1091 3621 1131 3686; x_wconf 92' lang='lat' dir='ltr'><strong>P.</strong></span> <span class='ocrx_word' id='word_1_204' title='bbox 1150 3619 1279 3704; x_wconf 88' lang='lat' dir='ltr'><strong>Layne‚</strong></span> <span class='ocrx_word' id='word_1_205' title='bbox 1297 3628 1335 3682; x_wconf 89' lang='lat' dir='ltr'><strong>vt</strong></span> <span class='ocrx_word' id='word_1_206' title='bbox 1359 3617 1432 3704; x_wconf 91' lang='lat' dir='ltr'><strong>ipse</strong></span> <span class='ocrx_word' id='word_1_207' title='bbox 1456 3635 1592 3704; x_wconf 87' lang='lat' dir='ltr'><strong>speras-</strong></span> 
     </span>
     <span class='ocr_line' id='line_1_26' title="bbox 368 3730 1593 3822; baseline -0.005 -20"><span class='ocrx_word' id='word_1_208' title='bbox 368 3747 433 3802; x_wconf 88' lang='lat' dir='ltr'><strong>set.</strong></span> <span class='ocrx_word' id='word_1_209' title='bbox 453 3739 649 3822; x_wconf 86' lang='lat' dir='ltr'><strong>Antequam</strong></span> <span class='ocrx_word' id='word_1_210' title='bbox 670 3739 890 3806; x_wconf 83' lang='lat' dir='ltr'><strong>ascenderem</strong></span> <span class='ocrx_word' id='word_1_211' title='bbox 910 3737 953 3803; x_wconf 93' lang='lat' dir='ltr'><strong>ad</strong></span> <span class='ocrx_word' id='word_1_212' title='bbox 970 3737 1010 3803; x_wconf 91' lang='lat' dir='ltr'><strong>P.</strong></span> <span class='ocrx_word' id='word_1_213' title='bbox 1028 3733 1211 3821; x_wconf 89' lang='lat' dir='ltr'><strong>Ignatium,</strong></span> <span class='ocrx_word' id='word_1_214' title='bbox 1233 3743 1403 3802; x_wconf 90' lang='lat' dir='ltr'><strong>venerunt</strong></span> <span class='ocrx_word' id='word_1_215' title='bbox 1423 3730 1506 3798; x_wconf 91' lang='lat' dir='ltr'><strong>mihi</strong></span> <span class='ocrx_word' id='word_1_216' title='bbox 1529 3732 1593 3797; x_wconf 91' lang='lat' dir='ltr'><strong>ob-</strong></span> 
     </span>
     <span class='ocr_line' id='line_1_27' title="bbox 370 3845 1593 3938; baseline -0.007 -19"><span class='ocrx_word' id='word_1_217' title='bbox 370 3852 460 3920; x_wconf 88' lang='lat' dir='ltr'><strong>uiam</strong></span> <span class='ocrx_word' id='word_1_218' title='bbox 477 3854 516 3920; x_wconf 94' lang='lat' dir='ltr'><strong>P.</strong></span> <span class='ocrx_word' id='word_1_219' title='bbox 536 3853 672 3938; x_wconf 90' lang='lat' dir='ltr'><strong>Laynes</strong></span> <span class='ocrx_word' id='word_1_220' title='bbox 688 3863 723 3921; x_wconf 91' lang='lat' dir='ltr'><strong>et</strong></span> <span class='ocrx_word' id='word_1_221' title='bbox 737 3852 914 3921; x_wconf 90' lang='lat' dir='ltr'><strong>Salmeron</strong></span> <span class='ocrx_word' id='word_1_222' title='bbox 926 3849 1124 3918; x_wconf 88' lang='lat' dir='ltr'><strong>nuntiantes</strong></span> <span class='ocrx_word' id='word_1_223' title='bbox 1136 3871 1191 3918; x_wconf 87' lang='lat' dir='ltr'><strong>me</strong></span> <span class='ocrx_word' id='word_1_224' title='bbox 1203 3849 1318 3916; x_wconf 90' lang='lat' dir='ltr'><strong>statim</strong></span> <span class='ocrx_word' id='word_1_225' title='bbox 1331 3851 1373 3915; x_wconf 93' lang='lat' dir='ltr'><strong>ad</strong></span> <span class='ocrx_word' id='word_1_226' title='bbox 1391 3845 1593 3936; x_wconf 89' lang='lat' dir='ltr'><strong>Hispaniam</strong></span> 
     </span>
     <span class='ocr_line' id='line_1_28' title="bbox 367 3963 1592 4059; baseline -0.007 -24"><span class='ocrx_word' id='word_1_227' title='bbox 367 3965 606 4059; x_wconf 87' lang='lat' dir='ltr'><strong>[mittendum]‚</strong></span> <span class='ocrx_word' id='word_1_228' title='bbox 625 3969 717 4053; x_wconf 93' lang='lat' dir='ltr'><strong>quod</strong></span> <span class='ocrx_word' id='word_1_229' title='bbox 732 3966 906 4054; x_wconf 89' lang='lat' dir='ltr'><strong>displicuit</strong></span> <span class='ocrx_word' id='word_1_230' title='bbox 922 3968 962 4033; x_wconf 92' lang='lat' dir='ltr'><strong>P.</strong></span> <span class='ocrx_word' id='word_1_231' title='bbox 981 3965 1127 4054; x_wconf 83' lang='lat' dir='ltr'><strong>ignatio,</strong></span> <span class='ocrx_word' id='word_1_232' title='bbox 1145 3977 1183 4033; x_wconf 89' lang='lat' dir='ltr'><strong>vt</strong></span> <span class='ocrx_word' id='word_1_233' title='bbox 1199 3965 1293 4051; x_wconf 91' lang='lat' dir='ltr'><strong>prius</strong></span> <span class='ocrx_word' id='word_1_234' title='bbox 1308 3985 1351 4031; x_wconf 87' lang='lat' dir='ltr'><strong>ex</strong></span> <span class='ocrx_word' id='word_1_235' title='bbox 1363 3963 1429 4030; x_wconf 91' lang='lat' dir='ltr'><strong>illis</strong></span> <span class='ocrx_word' id='word_1_236' title='bbox 1445 3983 1513 4050; x_wconf 86' lang='lat' dir='ltr'><strong>ego</strong></span> <span class='ocrx_word' id='word_1_237' title='bbox 1527 3981 1592 4028; x_wconf 49' lang='lat' dir='ltr'><strong>aum</strong></span> 
     </span>
    </p>
   </div>
   <div class='ocr_carea' id='block_1_9' title="bbox 367 4071 1698 4164">
    <p class='ocr_par' dir='ltr' id='par_1_10' title="bbox 367 4071 1698 4164">
     <span class='ocr_line' id='line_1_29' title="bbox 367 4071 1698 4164; baseline -0.006 -13"><span class='ocrx_word' id='word_1_238' title='bbox 367 4084 475 4154; x_wconf 91' lang='lat' dir='ltr'><strong>direm</strong></span> <span class='ocrx_word' id='word_1_239' title='bbox 491 4085 535 4153; x_wconf 82' lang='lat' dir='ltr'><strong>de</strong></span> <span class='ocrx_word' id='word_1_240' title='bbox 546 4083 602 4150; x_wconf 90' lang='lat' dir='ltr'><strong>illa</strong></span> <span class='ocrx_word' id='word_1_241' title='bbox 614 4081 786 4151; x_wconf 89' lang='lat' dir='ltr'><strong>missione.</strong></span> <span class='ocrx_word' id='word_1_242' title='bbox 802 4084 871 4150; x_wconf 89' lang='lat' dir='ltr'><strong>Iam</strong></span> <span class='ocrx_word' id='word_1_243' title='bbox 883 4092 1025 4149; x_wconf 85' lang='lat' dir='ltr'><strong>venerat</strong></span> <span class='ocrx_word' id='word_1_244' title='bbox 1037 4083 1081 4149; x_wconf 91' lang='lat' dir='ltr'><strong>D.</strong></span> <span class='ocrx_word' id='word_1_245' title='bbox 1101 4079 1288 4149; x_wconf 89' lang='lat' dir='ltr'><strong>Madridius</strong></span> <span class='ocrx_word' id='word_1_246' title='bbox 1300 4080 1451 4146; x_wconf 89' lang='lat' dir='ltr'><strong>domum.</strong></span> <span class='ocrx_word' id='word_1_247' title='bbox 1467 4080 1549 4145; x_wconf 89' lang='lat' dir='ltr'><strong>Erat</strong></span> <span class='ocrx_word' id='word_1_248' title='bbox 1569 4075 1574 4164; x_wconf 93' lang='grc' dir='ltr'>Ι</span> <span class='ocrx_word' id='word_1_249' title='bbox 1695 4071 1698 4082; x_wconf 81' lang='lat'>&#39;</span> 
     </span>
    </p>
   </div>
   <div class='ocr_carea' id='block_1_10' title="bbox 366 4193 1597 4282">
    <p class='ocr_par' dir='ltr' id='par_1_11' title="bbox 366 4193 1597 4282">
     <span class='ocr_line' id='line_1_30' title="bbox 366 4193 1597 4282; baseline -0.005 -16"><span class='ocrx_word' id='word_1_250' title='bbox 366 4199 481 4266; x_wconf 86' lang='lat' dir='ltr'><strong>adhuc</strong></span> <span class='ocrx_word' id='word_1_251' title='bbox 496 4201 605 4266; x_wconf 70' lang='lat' dir='ltr'><strong>Sertor</strong></span> <span class='ocrx_word' id='word_1_252' title='bbox 620 4202 748 4266; x_wconf 81' lang='lat' dir='ltr'><strong>Doctor</strong></span> <span class='ocrx_word' id='word_1_253' title='bbox 768 4201 792 4280; x_wconf 79' lang='lat'><strong>³,</strong></span> <span class='ocrx_word' id='word_1_254' title='bbox 807 4198 955 4265; x_wconf 89' lang='lat' dir='ltr'><strong>habebat</strong></span> <span class='ocrx_word' id='word_1_255' title='bbox 975 4217 1091 4265; x_wconf 91' lang='lat' dir='ltr'><strong>curam</strong></span> <span class='ocrx_word' id='word_1_256' title='bbox 1107 4195 1314 4267; x_wconf 89' lang='lat' dir='ltr'><strong>valetudinis</strong></span> <span class='ocrx_word' id='word_1_257' title='bbox 1332 4197 1372 4262; x_wconf 92' lang='lat' dir='ltr'><strong>P.</strong></span> <span class='ocrx_word' id='word_1_258' title='bbox 1395 4193 1533 4282; x_wconf 88' lang='lat' dir='ltr'><strong>Ignatij:</strong></span> <span class='ocrx_word' id='word_1_259' title='bbox 1552 4195 1597 4260; x_wconf 85' lang='lat' dir='ltr'><strong>de</strong></span> 
     </span>
    </p>
   </div>
   <div class='ocr_carea' id='block_1_11' title="bbox 418 4411 1594 4660">
    <p class='ocr_par' dir='ltr' id='par_1_12' title="bbox 418 4411 1594 4660">
     <span class='ocr_line' id='line_1_31' title="bbox 422 4411 982 4483; baseline -0.002 -15"><span class='ocrx_word' id='word_1_260' title='bbox 422 4417 430 4448; x_wconf 88' lang='lat'>¹</span> <span class='ocrx_word' id='word_1_261' title='bbox 469 4413 602 4470; x_wconf 87' lang='lat' dir='ltr'><strong>Vacuum</strong></span> <span class='ocrx_word' id='word_1_262' title='bbox 615 4414 750 4469; x_wconf 89' lang='lat' dir='ltr'><strong>relictum</strong></span> <span class='ocrx_word' id='word_1_263' title='bbox 764 4411 821 4468; x_wconf 80' lang='lat' dir='ltr'><strong>fuit</strong></span> <span class='ocrx_word' id='word_1_264' title='bbox 833 4411 887 4468; x_wconf 83' lang='lat' dir='ltr'><strong>fol.</strong></span> <span class='ocrx_word' id='word_1_265' title='bbox 906 4425 941 4483; x_wconf 86' lang='lat'><strong>59</strong></span> <span class='ocrx_word' id='word_1_266' title='bbox 954 4430 982 4468; x_wconf 91' lang='lat' dir='ltr'><strong>r.</strong></span> 
     </span>
     <span class='ocr_line' id='line_1_32' title="bbox 418 4501 1033 4575; baseline 0 -17"><span class='ocrx_word' id='word_1_267' title='bbox 418 4507 429 4538; x_wconf 82' lang='lat'><strong>¹</strong></span> <span class='ocrx_word' id='word_1_268' title='bbox 467 4503 516 4558; x_wconf 92' lang='lat' dir='ltr'><strong>Nil</strong></span> <span class='ocrx_word' id='word_1_269' title='bbox 530 4503 560 4559; x_wconf 92' lang='lat' dir='ltr'><strong>in</strong></span> <span class='ocrx_word' id='word_1_270' title='bbox 573 4501 610 4558; x_wconf 81' lang='lat' dir='ltr'><strong>ff.</strong></span> <span class='ocrx_word' id='word_1_271' title='bbox 626 4503 663 4558; x_wconf 88' lang='grc'>60</span> <span class='ocrx_word' id='word_1_272' title='bbox 677 4521 706 4572; x_wconf 88' lang='lat' dir='ltr'><strong>v,</strong></span> <span class='ocrx_word' id='word_1_273' title='bbox 717 4503 749 4558; x_wconf 88' lang='lat'><strong>61</strong></span> <span class='ocrx_word' id='word_1_274' title='bbox 766 4519 799 4559; x_wconf 90' lang='lat' dir='ltr'><strong>v.</strong></span> <span class='ocrx_word' id='word_1_275' title='bbox 817 4501 1033 4575; x_wconf 87' lang='lat' dir='ltr'><strong>scriptumest.</strong></span> 
     </span>
     <span class='ocr_line' id='line_1_33' title="bbox 419 4588 1594 4660; baseline -0.004 -14"><span class='ocrx_word' id='word_1_276' title='bbox 419 4593 430 4625; x_wconf 77' lang='lat'><strong>³</strong></span> <span class='ocrx_word' id='word_1_277' title='bbox 467 4592 494 4646; x_wconf 92' lang='lat'><strong>1.</strong></span> <span class='ocrx_word' id='word_1_278' title='bbox 512 4609 542 4646; x_wconf 89' lang='lat' dir='ltr'><strong>e.</strong></span> <span class='ocrx_word' id='word_1_279' title='bbox 560 4591 690 4647; x_wconf 88' lang='lat' dir='ltr'><strong>nondum</strong></span> <span class='ocrx_word' id='word_1_280' title='bbox 703 4593 800 4649; x_wconf 83' lang='lat' dir='ltr'><strong>Pater</strong></span> <span class='ocrx_word' id='word_1_281' title='bbox 817 4591 953 4657; x_wconf 80' lang='lat' dir='ltr'><strong>Madrid,</strong></span> <span class='ocrx_word' id='word_1_282' title='bbox 967 4591 1019 4647; x_wconf 78' lang='lat' dir='ltr'><strong>sed</strong></span> <span class='ocrx_word' id='word_1_283' title='bbox 1030 4589 1144 4646; x_wconf 75' lang='lat' dir='ltr'><strong>Docror</strong></span> <span class='ocrx_word' id='word_1_284' title='bbox 1156 4588 1284 4645; x_wconf 77' lang='lat' dir='ltr'><strong>Madrid</strong></span> <span class='ocrx_word' id='word_1_285' title='bbox 1307 4589 1543 4660; x_wconf 75' lang='lat' dir='ltr'><strong>nuncupabatur,</strong></span> <span class='ocrx_word' id='word_1_286' title='bbox 1556 4603 1594 4640; x_wconf 89' lang='lat' dir='ltr'><strong>eo</strong></span> 
     </span>
    </p>
   </div>
   <div class='ocr_carea' id='block_1_12' title="bbox 363 4679 828 4753">
    <p class='ocr_par' dir='ltr' id='par_1_13' title="bbox 363 4679 828 4753">
     <span class='ocr_line' id='line_1_34' title="bbox 363 4679 828 4753; baseline 0.004 -17"><span class='ocrx_word' id='word_1_287' title='bbox 363 4681 444 4753; x_wconf 89' lang='lat' dir='ltr'><strong>quod</strong></span> <span class='ocrx_word' id='word_1_288' title='bbox 453 4681 483 4736; x_wconf 90' lang='lat' dir='ltr'><strong>in</strong></span> <span class='ocrx_word' id='word_1_289' title='bbox 498 4679 634 4737; x_wconf 88' lang='lat' dir='ltr'><strong>tirocinio</strong></span> <span class='ocrx_word' id='word_1_290' title='bbox 647 4689 828 4738; x_wconf 81' lang='lat' dir='ltr'><strong>versaretur.</strong></span> 
     </span>
    </p>
   </div>
   <div class='ocr_carea' id='block_1_13' title="bbox 0 0 1838 5384">
    <p class='ocr_par' dir='ltr' id='par_1_14' title="bbox 0 0 1838 5384">
     <span class='ocr_line' id='line_1_35' title="bbox 0 0 1838 5384; baseline 0 4"><span class='ocrx_word' id='word_1_291' title='bbox 0 0 1838 5384; x_wconf 95' lang='lat' dir='ltr'><strong> </strong></span> 
     </span>
    </p>
   </div>
  </div>
 </body>
</html>
