3478 5384
692 484 823 553 25us11
844 483 913 554 1563
1365 487 1419 558 293

170 633 328 704 lettione
342 635 378 700 di
394 635 568 723 theologia
583 635 619 702 in
640 635 786 704 Vienna.
812 637 891 704 Non
912 635 1091 704 habbiamo
1114 640 1261 706 anchora
1276 637 1311 705 di
1328 661 1415 725 que-

169 759 230 816 sto
248 749 401 837 risposta
424 753 447 816 ¹.

244 883 284 948 4.
333 866 432 932 Delle
444 885 524 932 cose
540 864 723 933 uniuersali
739 867 794 934 del
809 866 952 935 concilio
972 887 1041 934 non
1057 871 1087 935 c'
1106 869 1126 935 ὲ
1140 889 1220 936 cosa
1236 890 1352 938 nuoua
1368 873 1412 938 da

169 979 264 1049 dire.
290 981 438 1049 Modena
454 982 465 1014 ¹
482 981 503 1048 ὲ
523 991 669 1064 tornato,
693 982 825 1050 benche
845 1003 914 1048 non
933 982 962 1048 si
982 984 1084 1050 crede
1099 986 1226 1050 hauera
1242 985 1275 1052 la
1289 997 1411 1052 aucto·

172 1095 244 1162 rita
270 1099 338 1162 che
361 1096 485 1183 prima,
511 1096 668 1164 massime
690 1117 756 1163 con
778 1096 802 1162 li
825 1098 940 1184 legati.
968 1097 1131 1166 Tuttauia
1154 1098 1183 1166 si
1206 1081 1352 1186 procede
1375 1101 1409 1167 in

171 1210 230 1278 dir
248 1211 276 1276 li
293 1211 415 1299 prelati
435 1211 515 1280 delli
538 1210 648 1278 abusi.
674 1213 773 1282 Delle
795 1211 988 1280 risolutioni
1010 1215 1124 1282 baone
1144 1215 1179 1279 di
1194 1235 1257 1280 sua
1279 1217 1410 1284 Maesta

170 1328 232 1394 col
257 1327 412 1394 cardinal
436 1330 557 1395 Moron
581 1329 683 1395 credo
703 1331 779 1395 sara
801 1329 933 1395 auisato
957 1331 1000 1397 V.
1025 1332 1066 1398 R.
1093 1330 1137 1398 Di
1159 1331 1271 1416 quelle
1291 1331 1321 1398 si
1341 1334 1410 1418 pud

172 1463 301 1530 sperar
313 1443 373 1528 pid
384 1441 501 1527 quieto
516 1464 697 1530 progresso
713 1444 801 1512 nelle
816 1464 897 1510 cose
912 1445 966 1510 del
978 1445 1133 1527 concilio,
1149 1446 1414 1532 especialmente

171 1579 212 1624 se
229 1556 257 1623 il
274 1579 366 1644 papa
380 1559 484 1625 uuole
499 1559 542 1625 da
561 1559 690 1624 douero
710 1557 863 1644 publicar
882 1559 915 1626 la
936 1558 1089 1641 riforma,
1107 1580 1204 1629 corne
1223 1560 1253 1626 si
1268 1560 1357 1643 dice,
1375 1573 1411 1630 et

175 1671 265 1738 larla
282 1673 472 1760 esseguire,
491 1682 619 1758 quanto
635 1674 700 1741 alle
714 1694 795 1742 cose
810 1673 845 1740 di
861 1675 972 1759 quella
988 1685 1094 1756 corte,
1113 1677 1322 1744 attendendo
1338 1677 1407 1764 agl'

172 1788 267 1855 altre
283 1787 321 1854 in
337 1787 483 1854 concilio
498 1789 523 1854 ⁸.

247 1919 282 1987 5.
333 1906 387 1970 De
402 1903 546 1971 Francia
564 1906 710 1971 hauemu
730 1903 885 1972 riceuuto
904 1905 1025 1972 lettere
1045 1905 1124 1972 delli
1141 1905 1259 1986 nostri,
1278 1907 1355 1972 etsi
1374 1908 1408 1974 fa

174 2021 287 2086 molto
304 2020 417 2085 fructo
432 2040 493 2104 per
508 2040 625 2088 mezzo
641 2019 724 2085 loro.
747 2019 773 2085 ll
793 2021 877 2086 M.10
897 2020 1054 2086 Emundo
1069 2020 1082 2053 ⁴
1098 2021 1186 2087 ando
1202 2020 1238 2086 in
1254 2021 1408 2089 Auernia

175 2155 241 2220 per
257 2134 448 2220 predicare,
467 2145 501 2202 et
517 2134 551 2199 lo
566 2136 610 2201 ha
630 2134 715 2200 fatto
736 2155 802 2201 con
823 2133 1047 2221 grandissimo
1068 2157 1232 2203 concorso
1252 2147 1287 2203 et
1301 2136 1407 2204 sodis·

176 2249 340 2330 sattione,
355 2261 390 2318 et
406 2251 476 2316 cosi
493 2249 516 2315 il
532 2253 567 2317 M
573 2265 618 2314 .ῐο
633 2249 760 2316 Anibal
776 2252 788 2284 ⁸
805 2249 839 2315 in
856 2250 967 2334 quella
983 2260 1072 2317 terra
1086 2251 1167 2316 olim
1184 2250 1284 2336 piena
1299 2251 1333 2317 di
1346 2255 1409 2319 he-

176 2363 290 2432 retici.
312 2366 350 2432 ln
366 2368 451 2431 altra
468 2367 515 2432 M.
536 2365 695 2453 0Jacobo
710 2366 851 2432 Morello
872 2367 897 2445 ⁸,
921 2375 955 2432 et
969 2365 1040 2431 cosi
1056 2365 1136 2431 duoi
1157 2387 1178 2432 o
1195 2376 1246 2434 tre
1272 2367 1348 2433 altri
1364 2369 1409 2436 de

175 2479 302 2561 nostri,
320 2478 550 2565 predicauano
569 2480 603 2545 in
626 2479 736 2546 Billon
756 2491 790 2546 et
809 2480 899 2562 fora,
922 2491 956 2548 et
972 2480 995 2544 il
1011 2479 1136 2548 vicario
1163 2482 1219 2550 del
1235 2482 1406 2550 Saluiati⁷

233 2653 241 2683 ¹
282 2647 359 2702 Vide
373 2646 459 2720 epist.
471 2660 533 2717 272.

230 2742 242 2772 ²
283 2735 428 2806 Aegidius
442 2736 603 2806 Foscarari,
616 2735 658 2793 Ο.
675 2737 711 2790 Ρ.

231 2827 243 2860 ⁵
281 2827 317 2880 B.
329 2825 477 2894 Canisius,
493 2837 525 2880 12
536 2825 604 2896 Maji
616 2823 685 2893 1563
694 2825 826 2880 scribens
839 2825 875 2880 ad
887 2825 1031 2897 Lainium,
1042 2827 1114 2880 haec
1126 2825 1164 2881 ad
1173 2827 1284 2882 calcem
1297 2827 1406 2898 episto·

177 2915 223 2970 lae
243 2912 370 2985 addidit,
383 2914 518 2970 laudibus
540 2929 684 2969 exornans
703 2914 878 2970 cardinalem
892 2916 1043 2970 Moronum
1058 2918 1097 2971 ob
1112 2917 1259 2987 praeclara
1273 2915 1405 2987 ejusdem

175 3003 256 3076 apud
268 3021 417 3059 caesarem
430 3013 525 3074 gesta:
538 3024 550 3056 u
556 3001 717 3058 Praeterire
728 3021 785 3058 non
795 3021 914 3076 possum
924 3003 1002 3075 quod
1010 3004 1160 3059 illustriss.
1172 3004 1337 3073 cardinalis,
1349 3005 1406 3060 etsi

177 3091 279 3148 multis
292 3092 338 3146 his
355 3091 459 3147 diebus
477 3091 661 3163 decubuerit,
678 3093 824 3163 praeclara
845 3100 943 3147 tamen
963 3108 1019 3146 non
1035 3109 1126 3164 pauca
1145 3093 1316 3162 confecerit,
1330 3111 1406 3167 quae

176 3181 227 3236 uix
245 3181 322 3236 alius
338 3179 474 3254 quisque,
492 3189 524 3236 ut
541 3181 653 3252 opinor,
669 3181 850 3236 commodius
869 3181 947 3253 apud
963 3197 1111 3236 caesarem
1124 3181 1313 3250 confecisset3
1331 3182 1407 3237 adeo

173 3269 290 3326 caesari
302 3271 419 3340 charus,
432 3269 605 3325 coniunctus
616 3278 647 3325 et
658 3269 808 3325 familiaris
819 3279 878 3324 est.
892 3271 995 3342 Itaque
1005 3269 1144 3328 Clarusto
1157 3270 1267 3341 gratias
1280 3271 1405 3342 agimus,

175 3360 226 3432 qui
239 3359 327 3415 nobis
341 3359 423 3414 illum
435 3361 492 3413 huc
505 3358 586 3414 misit
599 3359 755 3425 medicum,
769 3367 800 3414 et
810 3376 861 3431 per
874 3377 961 3431 quern
971 3359 1124 3430 opiniones
1138 3362 1231 3414 malae
1243 3360 1280 3415 de
1291 3360 1406 3432 synodo

176 3447 287 3504 iamdiu
300 3457 472 3520 conceptae,
487 3449 532 3503 uel
547 3447 716 3520 profligatae
729 3456 797 3502 sunt
808 3466 845 3502 ex
857 3447 1048 3520 quorumdam
1060 3449 1175 3512 animis,
1187 3449 1234 3504 uel
1249 3448 1406 3504 admodum

176 3537 341 3608 mitigatae.
362 3535 488 3592 Difficile
501 3536 620 3609 quidem
637 3536 685 3606 alij
708 3535 824 3608 fuisset,
840 3547 872 3592 ut
887 3539 972 3608 plane
989 3538 1124 3606 arbitror,
1138 3545 1197 3592 tarn
1218 3539 1308 3592 multa
1326 3538 1404 3593 circa

175 3627 324 3700 synodum
337 3625 504 3698 impetrare,
527 3634 557 3680 et
579 3634 748 3698 praesentes
766 3626 796 3681 in
810 3627 864 3681 hac
883 3627 949 3680 aula
961 3625 1149 3682 difficultates
1172 3628 1248 3682 bona
1270 3643 1307 3680 ex
1320 3637 1403 3698 parte

175 3731 326 3772 amouere:
341 3732 395 3771 nec
408 3713 510 3770 dubito
521 3714 591 3786 quin
608 3731 780 3786 progressus
797 3713 913 3785 concilij
932 3717 1024 3770 multo
1038 3715 1077 3770 sit
1093 3714 1209 3770 futurus
1230 3716 1357 3780 suauinr,
1373 3722 1403 3770 et

177 3806 206 3860 in
218 3821 278 3878 quo
292 3803 389 3858 minus
406 3804 494 3859 etiam
513 3803 624 3858 ualebit
640 3803 820 3878 quorundam
838 3803 1011 3874 authoritas,
1029 3803 1150 3876 quinon
1165 3819 1280 3874 semper
1298 3820 1401 3874 synce-

177 3895 253 3950 riora
265 3881 400 3965 spectant
413 3909 447 3947 ac
460 3891 670 3948 meditantur...
685 3894 764 3947 Inter
777 3893 889 3965 reliqua
905 3909 976 3947 uero
994 3892 1065 3947 illud
1084 3891 1212 3947 obtinuit
1234 3890 1400 3959 cardinalis,

177 3992 209 4039 ut
230 3983 261 4038 in
283 3983 393 4054 scripto
406 3981 543 4054 caesaris,
556 3981 634 4054 quod
647 3982 718 4035 alias
737 3979 812 4035 forte
827 3981 988 4052 mittemus,
1002 3987 1187 4052 expungatur
1200 3979 1271 4034 illud
1284 3980 1402 4051 saepius

175 4072 344 4144 repetitum:
368 4068 617 4125 Reformationern
639 4068 781 4142 incapite
803 4077 833 4124 et
851 4071 990 4124 membris
1008 4068 1170 4124 faciendam
1192 4085 1269 4123 esse.
1287 4067 1402 4123 Deinde

174 4164 280 4234 probat
292 4177 395 4216 caesar
408 4177 454 4230 ea,
466 4175 542 4230 quae
554 4158 687 4232 pontifex
700 4159 730 4214 in
743 4157 927 4214 reformando
941 4167 1054 4214 tentare
1071 4158 1197 4230 coepitnr
1213 4157 1257 4212 Ex
1270 4159 1403 4229 archety-

176 4266 224 4323 po,
237 4250 269 4304 in
282 4249 384 4321 Epist.
405 4247 534 4313 Canr'sii,
552 4247 577 4318 I,
593 4246 643 4302 116
655 4245 741 4316 (300).
757 4246 832 4303 Vide
852 4247 940 4302 etiam
953 4245 1039 4314 infra,
1054 4247 1141 4318 epist.
1156 4245 1219 4315 281,
1235 4263 1266 4300 n.
1286 4243 1332 4300 13.

226 4342 239 4374 ⁴
278 4337 438 4410 Augerius,
451 4337 559 4410 dequo
573 4337 641 4393 vide
655 4338 755 4411 Epist.
775 4337 891 4402 Natal,
907 4337 930 4402 l,
943 4349 1007 4406 740,
1022 4349 1087 4406 741,
1100 4335 1164 4406 743.

228 4431 239 4464 ⁸
277 4427 458 4484 Coudretus.
473 4425 651 4499 Saepissime
661 4426 698 4481 de
709 4427 759 4482 illo
770 4425 880 4481 mentio
894 4425 924 4480 in
937 4425 982 4481 his
997 4425 1209 4481 Monuusnrrs
1221 4421 1299 4479 facta
1309 4431 1366 4478 est.

229 4520 241 4552 ⁶
279 4515 356 4571 Vide
371 4515 435 4587 ejus
448 4533 572 4572 examen
585 4515 615 4570 in
628 4516 767 4588 append,
779 4516 807 4571 1.

229 4611 240 4641 ²
277 4605 443 4661 Bernardus
457 4605 590 4678 Salviati,
606 4605 760 4661 cardinalis
780 4613 809 4660 et
828 4605 981 4677 episcopus
995 4605 1228 4660 claromontanus
1242 4611 1273 4658 et
1290 4601 1324 4658 S.
1342 4603 1398 4657 Pa-

178 4696 249 4768 puli,
262 4695 370 4772 dequo
384 4694 422 4751 cf.
433 4695 623 4766 CtncoNlult,
637 4695 696 4752 loc.
713 4695 778 4764 cit.,
791 4695 830 4766 II,
844 4691 925 4748 1183.
