3666 5384
439 1021 808 1106 PROOEMIUM
860 1019 1123 1106 SECUNDI
1174 1023 1507 1111 VOLUMINIS

425 1629 587 1698 Alterum
604 1631 710 1697 hocce
722 1631 883 1699 volumen
895 1631 1129 1717 Epistularum
1142 1633 1266 1700 Patris
1278 1636 1396 1702 Ναᾱαί
1406 1637 1585 1706 exordium

350 1745 452 1830 ducit
466 1746 510 1811 ab
523 1744 821 1830 Ephameriuibus,
833 1766 896 1814 seu
911 1745 1175 1830 commentariis,
1190 1747 1226 1816 in
1242 1749 1367 1834 quibus
1379 1750 1452 1838 ipse
1463 1764 1586 1822 auctor

353 1859 581 1948 epistolarum
602 1859 737 1947 propria
756 1881 860 1928 manu
880 1861 1062 1948 praecipua
1083 1873 1183 1950 gesta
1202 1864 1383 1935 universae
1404 1867 1587 1936 Societatis

355 1976 620 2064 compendiose,
643 1987 678 2045 et
701 1999 792 2046 resa
813 1975 929 2064 seipso
949 1986 1104 2064 peractas
1124 2001 1145 2046 a
1164 2001 1229 2047 suo
1248 1980 1284 2046 in
1304 1982 1511 2052 Societatem
1531 1983 1586 2050 in-

354 2113 479 2179 gressi
496 2113 609 2179 usque
625 2093 668 2158 ad
683 2091 780 2159 initia
795 2092 967 2160 secundae
983 2092 1091 2178 ipsius
1109 2092 1145 2161 in
1161 2095 1380 2164 Germaniam
1396 2098 1586 2185 expeditio-

355 2207 411 2274 nis
441 2207 553 2276 iusius
588 2218 818 2294 prosequutus
845 2216 897 2276 est
924 2207 1155 2296 (15461561).
1185 2209 1386 2296 Sequuntur
1413 2215 1586 2299 Epistulae

356 2323 506 2404 Natalis
523 2324 577 2389 vel
593 2323 639 2388 acl
654 2325 767 2409 absum
783 2323 892 2406 datae,
909 2325 953 2390 ab
969 2345 1058 2391 anno
1079 2326 1161 2408 1562
1178 2327 1221 2392 ad
1242 2329 1337 2412 1565.

659 2793 699 2858 Ρ.
726 2790 930 2859 NATALIS
953 2791 1283 2860 EPHEMERIDES

423 3023 546 3111 incipit
573 3043 659 3110 ergo
679 3023 948 3110 Ephemeridum
975 3023 1217 3110 chronologica
1243 3023 1393 3091 narratio
1421 3025 1465 3091 ab
1491 3047 1583 3094 anno

357 3141 460 3223 1546,
482 3139 543 3206 ubi
563 3137 689 3208 desinit
711 3139 905 3206 Chronicon
925 3127 1116 3206 vocationis
1135 3137 1243 3226 ipsius
1262 3139 1410 3223 Natalis,
1434 3142 1525 3226 quod
1545 3140 1582 3209 in

350 3255 429 3341 ipso
454 3253 627 3335 ¹uestibulo
652 3253 751 3340 primi
778 3253 960 3322 voluminis
987 3255 1201 3342 protulimus.
1231 3253 1413 3322 Clauditur
1440 3254 1581 3324 ineunte

351 3391 472 3439 mense
492 3372 657 3457 Augusto
679 3369 759 3436 anni
779 3370 874 3454 1562,
898 3391 967 3456 quo
988 3381 1141 3456 tempore
1161 3370 1293 3438 Natalis
1314 3393 1357 3440 ex
1378 3373 1488 3440 Fonte
1509 3373 1581 3440 leo·

350 3484 465 3553 diensi
480 3487 523 3553 ad
537 3485 777 3572 perlustranda
791 3484 996 3552 Germaniae
1011 3485 1157 3572 collegia
1171 3487 1386 3572 properabat.

422 3601 544 3670 Merito
560 3600 667 3688 igitur
683 3621 825 3666 aureum
841 3603 907 3667 hoc
922 3613 1181 3694 monumentum
1193 3599 1345 3688 epistolis
1357 3601 1500 3669 secundi
1515 3623 1581 3670 vo-

351 3716 492 3786 luminis
515 3716 802 3804 praemittendum
826 3715 1003 3796 duximus,
1026 3717 1118 3801 quod
1138 3736 1271 3800 exuna
1295 3727 1392 3802 parte
1412 3737 1580 3784 summam

353 3832 455 3901 nobis
468 3833 608 3901 exhibet
624 3831 815 3900 ordinatam
831 3852 948 3901 earum
970 3852 1095 3912 rerum,
1113 3852 1201 3916 quae
1221 3851 1282 3917 per
1302 3841 1413 3898 totum
1433 3831 1580 3918 primum

351 3949 513 4016 volumen
529 3948 564 4016 in
580 3947 731 4035 epistolis
747 3949 822 4014 fuse
839 3957 1015 4017 enarratae
1027 3947 1178 4027 luerunt,
1192 3967 1236 4013 ex
1247 3946 1355 4015 altera
1366 3967 1448 4014 vero
1464 3947 1579 4032 plures

350 4065 502 4146 lacunas,
521 4086 611 4151 quae
625 4086 669 4133 ex
681 4063 901 4151 epistolarum
916 4060 1098 4129 amissione
1118 4072 1362 4142 remanserant,
1381 4059 1579 4128 authentica

349 4177 455 4265 ipsius
471 4179 605 4250 Natalis
620 4179 814 4248 narratione
830 4179 991 4266 complet,
1005 4177 1212 4262 easdemque
1223 4175 1384 4262 epistolas
1396 4186 1430 4245 et
1443 4186 1577 4243 caetera

350 4293 473 4380 scripta
488 4296 545 4364 vel
560 4295 708 4362 illustrat
723 4295 779 4362 vel
794 4293 986 4360 confirmat.

418 4411 471 4479 Nil
487 4409 594 4500 igitur
609 4409 732 4478 mirum
748 4411 811 4476 has
826 4407 1071 4494 Eplwmerides
1088 4430 1108 4474 a
1130 4405 1317 4474 clarissimo
1333 4405 1494 4473 historiae
1510 4405 1575 4473 So-

354 4521 481 4594 cietatis
508 4524 674 4614 scriptore
700 4523 870 4596 Sacchino
897 4521 1014 4610 magni
1039 4522 1235 4590 aestimatas
1249 4521 1377 4604 brisoe,
1400 4519 1577 4604 multaque

355 4637 446 4709 illum
462 4665 504 4712 ex
519 4641 615 4711 hisce
631 4639 883 4710 commentariis
898 4650 1086 4722 mutuasse,
1105 4638 1164 4706 ubi
1179 4637 1315 4725 scripsit
1325 4639 1370 4706 de
1381 4633 1578 4703 turbinibus
