3504 5386
426 498 478 570 528
882 501 985 555 Erusm
1006 498 1040 553 P.
1060 496 1173 553 Naoau
1279 525 1282 528 -

424 663 476 719 ter
498 649 639 718 infirmis
663 650 927 720 morientibus...
951 651 1000 717 18.
1029 649 1142 718 Prima
1156 671 1221 717 sua
1243 661 1323 718 vota
1346 649 1426 719 feeit
1449 653 1627 737 ingolstadii

422 739 567 808 infesto
595 739 846 808 Purificationis
874 738 1012 820 Mariae,
1041 759 1131 805 anno
1167 754 1287 823 1557...
1323 738 1439 806 Primo
1465 752 1626 825 antequam

421 839 511 896 esset
528 827 707 897 Societatis
722 851 812 896 anno
829 844 910 914 1555
932 837 1107 914 promotus
1121 837 1175 895 est
1196 827 1231 893 in
1247 828 1505 896 baccalaureum
1522 831 1625 896 artium

421 917 574 984 Viennae
594 917 766 984 Austriae.
797 915 849 984 2.⁰
876 927 1050 1003 promotus
1080 914 1194 983 estin
1220 917 1420 1003 magistrum
1447 917 1575 998 artium,
1595 931 1626 983 ut

419 1017 517 1107 puto,
531 1027 621 1072 anno
648 1007 728 1090 1561
748 1009 887 1087 Rornae,
914 1016 948 1074 et
971 1026 1060 1072 anno
1083 1005 1166 1089 1563
1193 1003 1229 1071 in
1252 1006 1426 1072 doctorem
1453 1005 1625 1094 theologiae

421 1094 587 1162 ibidem...
612 1094 750 1180 Septem
774 1095 872 1161 annis
891 1104 950 1162 aut
975 1091 1119 1180 amplius
1139 1095 1182 1159 ab
1197 1093 1338 1163 ineunte
1357 1105 1471 1164 aetate
1495 1095 1625 1162 visitavit

312 1227 315 1232 -
421 1185 529 1250 scolas
551 1183 693 1268 patriae,
718 1183 775 1251 ubi
800 1182 1010 1269 potissimum
1035 1203 1172 1270 operam
1188 1181 1292 1263 dedit,
1306 1193 1345 1248 ut
1369 1183 1471 1252 sciret
1494 1184 1624 1252 scribere

420 1271 643 1352 bohemicae,
676 1281 711 1338 et
736 1271 981 1339 arithmeticam
1011 1282 1046 1338 et
1076 1270 1177 1337 simul
1207 1269 1371 1357 principia
1401 1271 1623 1357 grammaticae

420 1360 558 1446 linguae
573 1359 698 1429 latinae
714 1360 920 1428 addiscebat.
936 1362 1020 1426 Post
1043 1358 1211 1427 Viennam
1226 1358 1361 1439 missus,
1375 1379 1436 1445 per
1460 1361 1622 1445 quadrien-

418 1448 512 1514 nium
537 1448 794 1516 humanioribus
811 1447 938 1528 literis,
967 1446 1211 1534 philosophiae,
1238 1448 1486 1516 mathematicis
1504 1471 1622 1535 operam

417 1537 523 1618 dedit,
548 1537 667 1603 ultimo
693 1540 821 1605 Romae
844 1558 981 1604 cursum
1006 1535 1238 1638 philosophiae
1258 1547 1293 1603 et
1314 1536 1504 1623 theologiae
1526 1539 1622 1604 absol·

321 1685 329 1706 ,
417 1625 507 1694 vit...
530 1627 567 1693 ln
585 1626 766 1706 Societate,
781 1647 860 1692 cum
883 1635 1091 1712 pervenisset
1114 1623 1370 1712 Ingolstadium,
1389 1647 1453 1711 per
1471 1644 1491 1709 7
1507 1648 1623 1695 menses

417 1715 533 1782 docuit
553 1715 712 1800 epistolas
725 1714 913 1797 Ciceronis
932 1713 1187 1800 grammaticam
1203 1713 1436 1800 Despauterrii
1459 1727 1493 1782 et
1507 1715 1621 1801 copiam

417 1806 597 1872 verborum
617 1806 657 1871 P.
683 1802 805 1890 Frusij:
833 1806 960 1871 Romae
982 1825 1043 1890 per
1065 1801 1240 1871 biennium
1258 1802 1341 1889 legit
1356 1802 1547 1888 disciplinas
1561 1825 1620 1870 ma-

418 1971 516 2025 tando.
536 1969 696 2043 Siquando,
710 1979 826 2043 praeter
839 1987 963 2026 examen
981 1987 1147 2040 commune,
1161 1969 1224 2025 sire
1237 1968 1419 2042 hispanicum
1433 1971 1470 2038 (l,
1486 1969 1557 2040 789),
1568 1970 1620 2024 sive

416 2041 538 2098 latinum
552 2044 587 2108 (l,
602 2047 677 2112 792),
691 2042 878 2098 exhibebitur
891 2059 1015 2097 examen
1027 2042 1271 2097 scholasticorum
1284 2042 1321 2110 (l,
1334 2039 1410 2111 793),
1421 2042 1469 2097 vel
1479 2059 1528 2094 11111
1550 2043 1621 2096 astro

416 2131 486 2168 rum
499 2113 536 2182 (Ι,
550 2118 624 2182 794);
639 2113 669 2167 111
682 2112 857 2168 indicabitur
870 2114 901 2168 in
913 2112 1034 2168 exordio
1046 2113 1149 2167 horum
1162 2112 1328 2167 examinum
1341 2113 1422 2167 hisce
1436 2060 1619 2184 110111ιῖ81111,

416 2183 535 2267 [Mag.].
552 2185 596 2239 Ne
609 2193 707 2238 autern
726 2187 819 2239 lector
836 2185 960 2256 primurn
978 2185 1116 2238 volumen
1134 2182 1215 2238 adire
1231 2191 1365 2253 cogatur,
1379 2191 1411 2237 ut
1428 2183 1526 2238 videat
1537 2184 1564 2238 in
1575 2182 1620 2237 lor·

417 2258 503 2310 mohs
518 2256 684 2310 examinum
701 2255 808 2327 quibus
826 2253 1103 2326 interrogationibus
1118 2253 1227 2326 singuli
1244 2254 1358 2310 numeri
1375 2253 1574 2326 respondeant,
1589 2271 1619 2308 en

415 2327 527 2382 illarum
540 2325 782 2399 (frequentiorum
796 2329 912 2396 saltem)
924 2325 1140 2399 compendium:

433 2498 534 2504 -,,,,-
559 2497 793 2504 ———-—-—
1199 2495 1488 2504 —-—-——--..—
1498 2499 1512 2506 -
1520 2497 1608 2518 ,,-.,.-Ι

424 2520 427 2695 ²
511 2556 675 2602 numanus

430 2627 755 2634 -.-—.-.—.-—--..-—..

718 2645 747 2651 ““
784 2643 1162 2704 INTERROGATIONES
1184 2641 1376 2698 EXAMINIS
1397 2639 1606 2706 COllllllUNlS⁴

427 2706 583 2750 formulae
599 2706 756 2750 formulae

423 2756 425 2847 l
458 2761 557 2803 latinae
616 2759 743 2814 hispanae

672 2976 683 3018 1
772 2957 839 3026 Quo
852 2955 969 3010 nomine
982 2961 1117 3009 vocatur.

669 3047 686 3088 2
771 3027 853 3154 guot
866 3042 956 3081 annos
969 3033 1016 3080 est
1028 3033 1128 3080 natus.

668 3101 686 3158 3
797 3097 864 3168 ujus
876 3096 1002 3152 nationis
1015 3105 1071 3160 est,
1085 3094 1262 3168 provinciae,
1272 3093 1429 3169 dioecesis,
1440 3095 1555 3169 patriae.
1602 3145 1603 3150 ,

652 3189 684 3230 10
771 3169 867 3240 Quam
880 3169 958 3223 vitae
971 3166 1168 3223 conditionem
1180 3165 1283 3222 habuit
1291 3175 1360 3222 ante
1373 3169 1476 3224 initam
1486 3165 1600 3222 Societa-

805 3249 878 3294 tem.

651 3329 684 3383 14
769 3308 998 3381 Curingressus:
1013 3306 1338 3382 aq'uonamadmissue.
1600 3366 1602 3376 ,

478 3400 510 3442 12
651 3387 682 3440 16
769 3382 918 3452 Quantum
929 3389 1044 3452 tempus
1054 3382 1184 3453 elapsum
1195 3381 1232 3434 ab
1241 3380 1387 3450 ingressu:
1398 3380 1448 3436 ubi
1458 3379 1598 3436 admissus.

478 3471 510 3528 14
648 3471 683 3512 22
769 3453 816 3508 An
829 3453 868 3508 sit
884 3451 1032 3522 sacerdos,
1045 3453 1092 3507 vel
1105 3451 1142 3506 ad
1154 3449 1281 3524 aliquem
1294 3449 1427 3506 ordinem
1437 3448 1600 3507 ecclesiasti-

801 3541 868 3580 cum
881 3529 1040 3595 promotus.

417 3628 419 3661 ι
477 3613 508 3669 15
646 3598 681 3654 23
767 3596 800 3650 In
812 3597 919 3668 quibus
931 3593 1064 3665 collegiis
1076 3591 1233 3648 habitavit.
1289 3627 1297 3644 .

417 3686 419 3755 1
475 3671 507 3726 16
630 3671 722 3742 1819
766 3667 847 3737 Quas
881 3663 1090 3721 robationesin
1101 3663 1361 3719 Societatesubiit.

417 3770 419 3813 1
475 3755 507 3812 17
645 3713 680 3796 al
766 3739 799 3794 ln
811 3685 917 3810 quibus
930 3745 1081 3809 praeterea
1093 3738 1181 3791 rebus
1194 3735 1233 3791 sit
1246 3741 1390 3790 versatus.

416 3846 419 3919 Ι
475 3813 506 3868 18
648 3823 679 3882 17
765 3811 812 3865 An
825 3817 893 3865 vota
906 3806 1191 3864 habeatSocietatis.

591 3903 601 3928 θ

458 4027 604 4082 Foliorum
621 4024 749 4094 numeri,
766 4022 816 4096 qui
834 4022 947 4076 uncinis
964 4019 1112 4105 quadratis
1134 4019 1165 4074 in
1181 4019 1239 4074 fine
1256 4017 1398 4090 cujusque
1417 4019 1554 4074 examinis
1567 4033 1608 4090 po

403 4107 522 4168 nuntur,
533 4098 680 4168 pertinent
692 4096 729 4150 ad
737 4095 854 4150 codices
864 4093 893 4148 in
903 4094 1020 4148 archivo
1029 4091 1063 4146 di
1073 4089 1158 4145 Statu
1170 4091 1280 4146 Romae
1292 4100 1471 4146 asservatos.

457 4168 622 4224 Notandum
636 4169 755 4238 insuper
767 4175 813 4221 est
826 4166 855 4220 in
868 4163 1013 4236 aliquibus
1026 4161 1211 4216 examinibus
1220 4161 1424 4217 communibus
1432 4159 1549 4234 reperiri
1560 4157 1607 4212 sub

402 4241 489 4296 finem
503 4240 641 4295 nonnulla
654 4255 792 4310 responsa
804 4236 840 4291 ad
858 4251 982 4290 examen
999 4235 1217 4306 magistrorum
1236 4235 1284 4288 vel
1300 4233 1541 4290 sdmlasticorum
1552 4245 1605 4302 spe·

402 4314 521 4380 etantia,
536 4320 567 4366 ut
581 4309 682 4365 videre
695 4317 740 4364 est
753 4309 783 4364 in
797 4308 931 4362 examine
944 4305 1101 4360 Adalberti
1114 4304 1243 4359 Bautek.

455 4383 542 4453 Quod
555 4381 590 4436 ad
605 4391 720 4452 tempus
737 4381 854 4442 attinet,
872 4395 930 4451 quo
948 4375 1083 4432 examina
1100 4376 1172 4430 haec
1189 4374 1296 4457 scripta
1314 4373 1411 4444 luere,
1427 4391 1485 4430 non
1502 4387 1604 4441 semper

401 4463 515 4509 constat
527 4455 555 4507 in
570 4453 651 4523 ipsis.
667 4451 781 4506 Scimus
792 4459 889 4505 tamen
900 4467 945 4513 ea,
955 4464 1030 4520 quae
1041 4445 1190 4518 hispanice
1200 4453 1309 4518 scnpta
1320 4453 1399 4513 sunt,
1409 4445 1471 4501 iere
1481 4443 1515 4500 ad
1524 4455 1604 4498 annos

403 4525 468 4594 1561
484 4528 530 4580 vel
548 4523 614 4592 1562
628 4531 771 4594 spectare:
785 4530 912 4590 caetera,
945 4519 1030 4574 artim
1043 4518 1128 4573 annis
1144 4519 1222 4587 1562,
1238 4515 1316 4586 15633
1328 4517 1430 4588 partim
1441 4511 1603 4582 1111111566-

401 4597 480 4666 1568,
493 4597 560 4651 dum
577 4597 608 4650 P.
623 4594 732 4649 Natalis
743 4592 907 4666 provincias
968 4589 1097 4646 rmaniae
1115 4597 1145 4643 et
1158 4587 1272 4644 Galliae
1290 4590 1345 4643 sub
1365 4588 1399 4645 P.
1413 4587 1562 4643 Francisco
1572 4582 1603 4636 de

397 4668 483 4738 Borja
496 4667 637 4735 visitavit,
651 4665 718 4720 data
730 4664 853 4734 fuisses,
