3666 5384
824 433 892 491 Ῐ555
1437 419 1471 488 35

221 574 403 642 dixerunt
414 574 503 644 inter
514 596 564 642 se:
586 558 855 661 «suspendamus
866 576 930 640 hos
945 573 1129 660 papistas.»
1145 572 1341 641 Periculum
1353 574 1435 640 lone
1451 595 1471 639 a

226 689 458 756 trahentibus
469 689 586 756 nauim
598 711 660 776 per
671 687 881 756 Danubium.
899 686 1134 756 Passauiensis
1153 691 1161 724 ¹
1179 688 1361 776 episcopus
1372 686 1470 756 beni-

228 827 312 892 gne
324 827 389 872 nos
400 804 545 891 accepit:
560 803 700 872 uocauit
710 826 766 874 me
778 804 822 872 ad
837 800 875 895 [l]
891 805 903 838 ⁸
920 803 982 871 48
993 825 1157 872 mensam:
1176 804 1280 872 soluit
1292 825 1379 890 quae
1391 805 1471 870 data

229 919 342 988 nobis
359 921 498 986 fuerunt
512 918 723 1006 inhospitio:
741 919 837 990 dedit
851 918 952 987 nobis
967 920 1124 1005 cymbam
1141 929 1176 988 et
1191 921 1287 1006 quod
1306 929 1399 988 esset
1419 928 1471 986 sat

230 1035 342 1103 nobis
357 1035 426 1102 cibi
440 1045 475 1102 et
491 1045 593 1122 potus
610 1033 781 1104 Viennam
796 1056 906 1120 vsque
923 1037 948 1101 ⁸.
1069 1031 1074 1042 “

308 1213 373 1282 5⁰
766 1214 936 1282 vmnmr:

305 1380 374 1448 Hic
394 1391 468 1450 erat
489 1390 602 1476 rector
623 1382 662 1448 P.
687 1379 850 1462 Lanoius,
873 1379 1094 1448 concionator
1111 1382 1151 1448 P.
1175 1380 1347 1462 Canisius,
1369 1382 1469 1448 doce·

227 1499 296 1566 bat
314 1500 355 1564 Ρ.
374 1497 577 1578 GaudanuS,
596 1496 735 1566 Martini
751 1495 934 1564 conciones
950 1508 1048 1564 erant
1064 1497 1193 1566 caesari
1209 1506 1381 1584 acceptae.
1407 1498 1469 1564 Vi·
1562 1579 1564 1583 ι

229 1611 352 1692 sitaui,
382 1622 449 1681 etc.
480 1610 748 1680 Emendauimus
775 1611 903 1697 Canisij
925 1611 1188 1694 catechismum,
1218 1613 1311 1699 quod
1334 1623 1369 1680 et
1395 1624 1469 1682 erat

231 1749 433 1809 necessum,
452 1737 487 1796 et
502 1727 681 1796 commode
695 1727 810 1808 cessit,
834 1749 912 1795 nam
934 1727 998 1794 fuit
1019 1726 1212 1797 emendatio
1233 1729 1377 1814 probata
1396 1729 1468 1796 Lo-

232 1843 346 1929 uanij,
365 1853 431 1912 etc.
451 1843 561 1910 Multa
576 1852 658 1909 sunt
673 1841 730 1909 hic
745 1841 912 1923 ordinata,
931 1865 1010 1909 nam
1031 1852 1130 1912 erant
1145 1841 1202 1910 illa
1219 1852 1352 1910 tantum
1373 1842 1467 1929 prin-

231 1959 338 2045 cipia.
368 1957 463 2025 Duxi
490 1979 624 2026 mecum
641 1959 786 2026 Romam
815 1961 861 2026 M.
893 1957 1114 2028 lambertum
1140 1968 1176 2028 et
1206 1955 1464 2050 AmbrolsiumJ,

250 2073 257 2162 Ι
278 2074 376 2140 illum
392 2075 437 2140 ad
452 2073 578 2155 studia,
596 2076 689 2140 hunc
704 2083 743 2139 vt
756 2073 960 2142 rescriberet
977 2076 1017 2142 P.
1036 2073 1164 2160 Laynis
1179 2072 1317 2160 scripta.

299 2191 339 2256 In
354 2187 476 2258 itinere
492 2181 689 2257 audiuimus
705 2199 859 2258 creatum
874 2187 997 2276 pap'am
1015 2191 1161 2258 Paulum
1177 2206 1273 2272 μω.

300 2302 424 2372 Villaci
441 2303 625 2372 Ambrosio
640 2304 802 2374 dixerunt
816 2302 954 2391 quidam
970 2304 1150 2374 haeretici:
1168 2327 1306 2372 «omnes
1322 2304 1465 2374 iesuitae

227 2418 486 2506 interficiemini
503 2442 571 2487 vno
587 2419 642 2488 die
657 2429 696 2485 vt
712 2420 913 2507 templarij.»

301 2534 437 2620 Reliqui
464 2538 580 2603 Ionam
601 2535 637 2602 in
664 2538 730 2603 hoc
751 2536 913 2623 collegio,
936 2535 995 2622 qui
1015 2546 1134 2623 postea
1156 2539 1271 2624 Praga
1291 2536 1460 2606 discessit.

231 2653 362 2719 Postea
377 2673 515 2720 rursum
530 2661 673 2738 precatu
688 2661 847 2738 receptus
863 2654 1003 2732 Romae,
1025 2653 1117 2722 vnde
1132 2651 1257 2720 missus
1279 2651 1460 2735 Treuirim,

229 2768 315 2836 inde
330 2789 451 2834 rursus
466 2765 563 2853 abijt,
582 2767 717 2834 solutus
734 2766 835 2834 votis:
852 2776 926 2834 erat
946 2767 1166 2835 concionator
1182 2767 1339 2837 electoris
1360 2766 1463 2834 treui-

229 2881 345 2952 rensis
372 2904 451 2950 cum
479 2880 527 2948 illi
550 2882 608 2949 illa
635 2883 647 2915 ⁴
676 2881 836 2950 atrocitas
861 2882 984 2950 accidit
1011 2886 1035 2949 ⁸.
1063 2883 1146 2950 Inde
1170 2883 1221 2952 51
1246 2899 1299 2968 3.0
1318 2885 1461 2951 Romam

227 3021 341 3084 quum
356 2997 507 3066 venisset
523 2999 679 3084 supplex,
697 3019 768 3064 non
784 2996 849 3065 tuit
865 2998 1043 3066 admissus.
1066 2997 1071 3086 Ι

680 3163 684 3170 ’
768 3178 925 3244 Bassam

297 3347 348 3412 Eo
362 3343 442 3412 veni
458 3366 535 3413 mea
550 3354 685 3432 sponte,
702 3354 740 3410 vt
761 3344 977 3414 conciliarem
995 3347 1035 3413 P.
1053 3345 1227 3415 Simonem
1244 3349 1283 3414 P.
1308 3345 1455 3432 Ignatio.

225 3460 295 3548 Egi
312 3481 391 3527 cum
407 3460 477 3541 illo,
495 3460 629 3547 repperi
645 3459 879 3530 dificultatem:
898 3482 968 3527 non
984 3471 1036 3528 sat
1049 3459 1131 3528 mihi
1143 3461 1283 3548 placuit3
1298 3463 1358 3529 sed
1370 3483 1458 3528 non-

225 3576 315 3644 nihil
330 3577 472 3644 videbar
487 3575 673 3664 profecisse
689 3579 713 3643 ⁶.
751 3601 754 3608 ·

285 3827 298 3870 ¹'
332 3836 401 3908 Ms,
415 3836 622 3890 Palantenses.

280 3929 292 3960 ²
331 3925 414 3979 Haec
426 3923 484 3978 duo
497 3923 588 3978 verba
600 3923 770 3979 obscuriora
782 3924 840 3979 elia
852 3941 941 3981 manu
958 3924 1034 3981 infra
1046 3943 1165 3982 versum
1179 3926 1279 3982 addita
1292 3933 1370 3981 sunt.

279 4013 292 4048 ⁸
330 4011 379 4068 Nil
391 4011 534 4084 scriptum
547 4019 593 4068 est
606 4011 636 4067 in
648 4011 699 4068 fol.
714 4013 749 4082 48
762 4031 791 4070 v.
811 4014 939 4069 Tantum
952 4014 1100 4086 signatum
1113 4032 1236 4071 nurnero
1248 4031 1284 4086 49
1296 4013 1403 4081 firerat,
1417 4031 1454 4067 ex

219 4118 336 4170 errore3
349 4101 403 4156 sed
416 4101 484 4156 dein
497 4099 548 4156 ille
561 4117 701 4156 numerus
713 4104 894 4159 cancellatus
907 4101 973 4173 fuit;
988 4103 1113 4176 ideoque
1126 4121 1254 4177 sequens
1267 4103 1318 4158 fol.
1333 4119 1392 4158 non
1402 4119 1455 4156 nu-

220 4209 339 4246 merum
351 4205 387 4261 49
400 4189 453 4246 sed
466 4201 501 4259 50
513 4189 614 4246 habet.

277 4283 290 4316 ⁴
326 4279 499 4348 Ms.,t'llud.

277 4372 289 4404 ⁸
325 4369 377 4424 Bis
398 4367 514 4424 scilicet
535 4376 660 4424 mortem
682 4369 740 4425 sibi
760 4373 946 4428 consciscere
969 4373 1111 4444 tentavit,
1134 4380 1167 4428 ut
1188 4369 1280 4426 refert
1300 4370 1456 4424 Remun-

219 4469 320 4528 mtne,
332 4457 415 4512 Hor.
430 4457 496 4513 Soc.
502 4455 537 4528 J.
550 4458 591 4512 ad
601 4457 740 4514 Rlsenum
753 4459 945 4532 inferiorem,
959 4461 984 4534 1,
997 4459 1043 4532 85,
1057 4459 1102 4516 86.
1117 4459 1193 4515 Vide
1207 4457 1295 4514 etiam
1312 4457 1454 4512 Butvtts-

218 4557 364 4617 senon,
380 4544 501 4601 Canisii
512 4546 611 4619 epist,
626 4545 665 4618 11,
678 4547 725 4620 61,
739 4558 839 4604 annot.
853 4548 880 4604 3.
968 4541 976 4562 ’

279 4635 292 4671 ⁸
330 4635 398 4691 Fol.
415 4647 450 4704 52
462 4655 487 4690 r.
501 4651 626 4690 vacuum
644 4639 780 4696 relietum
794 4648 851 4696 ent.
