3666 5384
803 496 872 554 Ι554
1410 500 1445 558 29

280 635 391 721 Rojas
407 636 463 703 cui
478 636 535 703 hic
551 637 705 723 superior
728 639 751 719 ¹,
770 637 843 724 ipse
861 659 932 704 non
951 647 1004 703 sat
1026 637 1144 703 firmus
1161 636 1196 704 in
1212 638 1405 722 vocatione,
1425 663 1445 706 a

197 771 284 837 qua
301 761 423 837 postea
438 751 608 835 discessit,
626 754 687 820 sed
703 753 828 840 agebat
843 751 978 819 interim
989 754 1081 819 bona
1092 752 1171 821 fide.
1191 753 1257 840 Egi
1273 754 1316 820 de
1333 775 1444 842 nego-

200 867 273 933 cio
289 866 448 934 dominae
464 869 651 949 Aldonsae,
670 879 704 936 et
720 868 795 938 eius
810 867 1004 936 donatione:
1023 867 1093 940 dixi
1114 871 1154 934 P.
1178 868 1349 956 Ignatium
1365 891 1442 938 ces-

204 983 308 1050 sisse
324 983 513 1066 donationi3
531 994 566 1052 et
583 994 696 1051 tamen
711 985 755 1051 ad
767 983 861 1050 illum
873 1005 927 1050 me
943 986 1102 1050 daturum
1115 983 1242 1067 literas,
1258 993 1324 1054 etc.
1340 987 1446 1054 Erant

206 1097 323 1184 pauci
334 1097 382 1164 illi
389 1099 497 1165 nostri
508 1098 830 1179 incommodissime,
845 1099 907 1168 sed
916 1097 1115 1165 confirmaui
1125 1101 1238 1166 locum
1248 1122 1320 1167 non
1331 1101 1446 1170 deser·

208 1225 333 1280 tatros:
355 1213 390 1280 id
410 1237 465 1283 me
486 1225 685 1282 curaturum
701 1215 793 1301 apud
814 1218 852 1282 Ρ.
873 1213 1054 1301 Ignatium.
1077 1213 1084 1302 Ι
1103 1215 1243 1284 Retinui
1263 1218 1444 1302 quemdam

206 1330 371 1410 fratrem,
390 1329 449 1414 qui
466 1330 576 1396 fuerat
592 1329 730 1418 quidem
746 1330 898 1411 eremita,
917 1331 978 1398 sed
994 1352 1063 1397 non
1077 1352 1158 1397 eum
1176 1332 1365 1400 monachali
1381 1335 1444 1400 ha-

206 1443 307 1524 bitu,
327 1455 392 1512 etc.
411 1446 494 1512 Inde
516 1443 658 1514 discessi
675 1446 862 1514 Cuencam.

287 1676 348 1744 85
747 1678 924 1746 Cusucna

286 1907 338 1974 lbi
358 1919 514 2002 praeerat
535 1907 886 1995 Alonsus.L0pezius.
911 1907 977 1996 Egi
993 1930 1071 1976 cum
1091 1910 1257 1976 canonico
1278 1934 1299 1978 a
1319 1914 1441 1992 Puteo,

210 2045 301 2091 cum
319 2035 432 2092 tamen
447 2034 565 2110 postea
586 2023 651 2089 fuit
671 2033 823 2090 mutatus
843 2023 988 2106 animus;
1006 2045 1125 2091 verum
1142 2024 1351 2093 obtinuimus
1370 2026 1444 2095 eius

210 2141 372 2219 domum,
389 2138 448 2204 vbi
464 2137 649 2205 canonicus
666 2137 842 2206 Marchina
862 2137 1055 2206 aedificauit
1069 2140 1263 2226 collegium.
1283 2140 1349 2228 Egi
1365 2162 1443 2208 cum

210 2256 363 2323 doctore
382 2256 538 2341 Vergara
558 2255 570 2286 ⁹
592 2255 637 2321 de
660 2253 883 2340 applicatione
900 2253 1229 2340 praestimoniorum,
1242 2266 1278 2323 et
1294 2268 1330 2323 vt
1345 2237 1443 2328 viue-

208 2381 295 2438 rent
311 2369 385 2436 eius
401 2381 556 2456 nepotes,
574 2389 644 2436 non
659 2389 739 2435 cum
754 2369 891 2450 nostris,
912 2370 973 2436 sed
993 2369 1028 2435 in
1044 2369 1196 2455 proxima
1215 2371 1327 2438 domo.
1350 2372 1443 2440 Visi-

210 2484 304 2568 taui,
321 2495 387 2552 etc.
407 2485 490 2554 Inde
507 2483 586 2554 veni
603 2483 794 2553 Valentiam
811 2487 835 2549 ³.

287 2719 351 2785 36
726 2718 942 2784 Vnueurmu

286 2951 336 3019 Ibi
357 2963 511 3038 praeerat
532 2953 573 3017 P.
598 2950 751 3037 Baptista
774 2949 979 3017 Barmensis.
1003 2948 1161 3031 Visitaui,
1180 2961 1247 3018 etc.
1270 2949 1442 3017 Constitui

212 3070 262 3136 de
278 3069 425 3136 emenda
440 3067 593 3152 proxima
606 3066 720 3132 domo.
736 3065 802 3152 Egi
813 3086 892 3132 cum
904 3064 1076 3145 Verdolai,
1093 3064 1151 3150 qui
1163 3086 1233 3133 non
1246 3066 1358 3132 adhuc
1370 3076 1443 3132 erat

213 3193 388 3264 maturus,
406 3184 467 3249 sed
484 3203 590 3267 quum
606 3181 826 3249 maturuisset
841 3189 960 3268 postea
975 3190 1010 3248 et
1026 3180 1148 3248 fuisset
1159 3189 1329 3266 receptus,
1343 3179 1443 3265 redijt

214 3310 294 3365 tum
310 3299 354 3364 ad
368 3319 470 3364 suum
486 3296 692 3378 institutum;
711 3297 795 3364 adeo
811 3317 880 3362 non
896 3295 1025 3362 cedunt
1035 3296 1124 3363 bene
1135 3295 1171 3360 in
1183 3295 1358 3362 monachis
1370 3295 1442 3362 dis-

213 3413 448 3502 pensationes.
464 3414 597 3481 Omnes
609 3413 680 3481 fere
691 3413 915 3499 aegrotabant
927 3434 947 3480 e
959 3413 1127 3477 catarrho.
1143 3412 1218 3497 Ego
1230 3431 1309 3477 cum
1325 3409 1444 3476 simili-

216 3541 272 3600 ter
289 3539 515 3616 aegrotarem,
538 3538 652 3594 tamen
672 3526 785 3594 omnia
808 3526 956 3607 obibam,
974 3526 1064 3592 vnde
1084 3547 1105 3591 a
1124 3526 1271 3610 quadam
1291 3535 1444 3592 matrona

217 3643 380 3733 primaria
391 3645 416 3710 ⁴:
435 3665 504 3711 non
515 3655 569 3711 est
580 3643 669 3712 enim
681 3640 763 3709 vtile
776 3651 813 3706 vt
824 3640 892 3706 sint
903 3642 991 3708 adeo
1001 3640 1131 3707 robusti
1141 3639 1344 3726 superiores.
1361 3640 1443 3708 Col-

218 3761 293 3848 legi
311 3760 388 3827 illos
414 3775 498 3844 1500
524 3775 574 3840 Δ,
596 3758 601 3847 Ι
621 3780 707 3843 quos
727 3757 790 3824 tuli
809 3758 951 3823 Romam
972 3777 1051 3822 cum
1071 3768 1263 3823 commeatu
1283 3755 1444 3843 principis

219 3877 350 3945 sororis
377 3873 542 3961 Philippi,
572 3896 676 3959 quae,
699 3883 834 3940 mortuo
861 3871 994 3953 marito,
1017 3869 1169 3958 principe
1197 3870 1440 3959 Portugalliae,

218 3993 439 4082 gubernabat
454 3987 656 4076 Hispaniam
673 3990 696 4054 ³.

273 4265 281 4297 ¹
319 4259 370 4316 Sic
386 4259 554 4332 perspicue.
580 4259 717 4314 Fortasse
736 4258 829 4314 voluit
850 4265 959 4334 auctori
974 4256 1113 4312 scribere:
1137 4257 1187 4312 cui
1208 4257 1256 4312 hic
1276 4255 1442 4328 superioris

213 4367 331 4406 munros
341 4351 534 4405 commissum
540 4347 662 4421 suerat.

271 4444 283 4476 ¹
320 4439 391 4510 lis„
411 4439 529 4512 Varga.

272 4531 284 4562 ⁸
321 4527 371 4584 Nil
385 4527 528 4600 scriptum
541 4524 795 4596 estinfol.35v.

273 4623 286 4653 ⁴
322 4616 383 4690 Sic,
396 4617 547 4673 sententia
558 4615 744 4689 imperfecta.

276 4712 289 4745 ⁸
324 4707 391 4763 Fol.
408 4704 443 4776 37
455 4725 480 4762 r.
494 4721 620 4761 vacuum
631 4704 767 4761 relictum
779 4711 837 4760 est.

331 4813 417 4861 Erus.
431 4813 462 4860 Ρ.
476 4813 578 4870 Nabar,
592 4821 649 4858 rou.
664 4809 696 4857 u
