3604 5380
335 461 386 504 rra
759 447 864 504 Eersr.
885 446 918 501 Ρ.
933 447 1051 506 Ninon
1062 461 1139 522 -215

330 587 451 666 elector
465 599 681 686 moguntino,
693 619 717 684 y
728 598 769 664 de
780 597 842 664 am
853 598 888 664 ol
899 597 1164 688 herbipolensey
1178 603 1387 690 Magneta,
1397 604 1440 669 de
1450 604 1563 670 darrde

330 722 524 802 esperamos
538 719 610 782 esta
625 734 768 780 serrano
784 713 889 780 tetras
905 734 969 800 qao
983 734 1041 780 sea
1064 715 1210 803 llegodo.
1229 719 1261 784 A
1274 717 1318 784 de
1329 718 1412 804 γά
1429 719 1563 785 usitar-

330 831 432 919 latgo
446 831 496 896 los
510 830 668 917 collegios
678 829 720 894 de
738 821 855 909 Viena,
873 821 1088 915 Tirnaaia,y
1100 832 1238 920 Praga,
1246 855 1271 918 y
1280 833 1424 918 despuis
1433 838 1564 900 tunm

329 947 419 1014 ulos
432 947 474 1012 de
490 945 657 1024 Baaiera;
668 951 834 1032 yporque
847 963 892 1010 en
904 941 999 1010 todos
1018 967 1062 1032 ay
1078 953 1183 1032 peste,
1200 950 1306 1030 fuera
1325 949 1368 1014 de
1382 949 1561 1036 ingolsta-

330 1062 396 1143 dio,
411 1061 489 1129 bren
503 1081 540 1128 cs
554 1061 812 1128 mcorneudarle
829 1059 1139 1146 parttbttlarmeate
1153 1064 1177 1128 ά
1191 1065 1280 1130 Dios
1296 1065 1345 1130 N.
1361 1064 1400 1131 S.
1420 1066 1446 1130 ¹.
1467 1067 1562 1131 Troe

330 1177 508 1266 cortsr'god
530 1175 635 1244 Mtro.
661 1176 806 1242 Roberto
830 1175 1009 1260 caysonto
1030 1176 1055 1257 ’,
1078 1197 1143 1263 que
1165 1197 1201 1245 es
1223 1201 1273 1245 an
1289 1179 1377 1246 baert
1392 1185 1562 1268 ψ,

330 1313 423 1360 canto
437 1293 508 1360 atu
523 1313 559 1359 se
574 1293 747 1358 acorrima
764 1292 800 1358 V.
818 1291 885 1358 R.»
1252 1299 1256 1306 '

900 1521 986 1587 m

613 1641 661 1706 P.
699 1639 1054 1712 HIEROMYMUS
1087 1639 1272 1708 NADAL

676 1773 797 1828 PATRI
820 1772 1040 1833 LEONARDO
1058 1771 1208 1830 KESSEL

666 1901 847 1962 ammom,
869 1902 887 1960 7
911 1902 1068 1948 ocroanrs
1093 1887 1162 1960 1562
1184 1891 1209 1948 ⁸.

327 2037 354 2078 1.
368 2023 415 2082 De
424 2023 568 2097 procellis
582 2021 725 2080 Coloniae
738 2023 772 2079 in
786 2023 962 2080 Societatem
976 2025 1208 2080 concitatis-'z
1221 2023 1268 2080 De
1279 2023 1407 2098 collegio
1420 2023 1560 2098 kaupo-

381 2113 472 2170 ami:
485 2113 522 2168 de
530 2117 732 2185 procuratore
744 2111 851 2169 bursae
863 2114 1152 2183 comanorum-3.
1166 2113 1213 2167 De
1227 2113 1361 2185 pearata
1373 2116 1433 2184 pra
1448 2119 1560 2186 capea-

379 2203 421 2258 sir
432 2202 555 2258 itineris
571 2202 686 2256 Bucari
700 2205 730 2258 et
746 2201 845 2270 Fabii,
861 2207 890 2258 et
906 2204 944 2258 de
964 2219 1018 2257 sao
1038 2219 1117 2276 erga
1140 2199 1343 2258 &nutriam
1359 2206 1392 2257 at
1414 2199 1554 2258 Galliam

380 2305 565 2362 amore-4.
579 2291 627 2346 De
642 2289 793 2364 Gregorio
806 2291 899 2346 Fabio
912 2291 1107 2365 Mogontiam
1119 2290 1277 2346 mittendo.

400 2473 429 2520 1.
478 2449 601 2522 lnttma
613 2449 778 2519 memoria
793 2473 926 2538 semper
942 2463 1045 2520 teneo
1066 2473 1122 2520 res
1141 2451 1241 2518 istius
1261 2451 1409 2539 collegii,
1429 2451 1467 2517 in
1485 2473 1558 2538 quo

328 2591 411 2637 sane
432 2567 568 2636 videtur
589 2565 672 2634 mihi
692 2567 866 2634 abundare
886 2567 1005 2634 diuina
1031 2567 1154 2654 gratia
1184 2589 1273 2654 quae
1297 2588 1378 2635 cnm
1398 2567 1487 2636 adeo
1507 2567 1558 2633 sit

328 2684 484 2768 euidens,
507 2682 663 2750 videmus
689 2683 889 2751 daemonem
913 2683 1069 2764 cruciari,
1094 2695 1130 2750 et
1152 2683 1331 2752 offundere
1347 2683 1554 2764 nubeculas,

326 2821 416 2887 quae
432 2797 589 2867 facillime
604 2800 720 2866 afflatu
736 2797 873 2866 diuinae
888 2796 1020 2886 gratiae
1036 2797 1303 2888 dissipabuntur,
1326 2807 1364 2863 vt
1384 2800 1556 2867 hactenus

326 2915 412 2983 aliae
427 2925 508 2982 sunt
524 2913 707 3000 dissipatae
721 2913 747 2980 ⁴.
765 2915 823 2982 Ad
838 2913 965 2995 literas,
988 2935 1073 2999 quas
1093 2911 1207 2999 recepi
1223 2913 1315 3000 apud
1331 2914 1456 2980 Rdum.
1475 2935 1550 2980 ma-

379 3159 388 3191 ¹
426 3154 504 3211 Vide
516 3153 604 3226 epist.
618 3151 681 3222 218,
696 3161 795 3210 annot.
814 3152 842 3208 3.

376 3249 387 3280 ¹
425 3244 497 3315 Ejus
510 3259 635 3298 examen
648 3241 718 3298 vide
730 3243 761 3298 in
774 3242 913 3314 append..
926 3260 958 3300 n.
977 3242 1005 3298 1.

377 3335 389 3368 ⁸
424 3334 469 3389 Ex
494 3332 662 3404 apographo
687 3333 725 3387 ab
750 3331 815 3404 ipso
840 3331 879 3388 P.
906 3332 1013 3388 Kessel
1037 3338 1178 3402 exarato,
1207 3330 1238 3386 in
1263 3330 1327 3403 ejus
1353 3331 1554 3405 Epistolario,

325 3423 397 3480 Cart.
413 3437 457 3495 37,
471 3421 522 3476 iol.
540 3420 590 3492 134
603 3424 674 3490 (22).
691 3420 780 3476 Initio
794 3419 938 3494 epistolae
950 3422 1029 3476 hunc
1040 3421 1159 3476 titulum
1172 3420 1290 3494 scripsit
1302 3422 1419 3476 Kessel:
1433 3423 1471 3478 P.
1489 3421 1555 3478 Na-

322 3513 394 3568 talis
410 3510 644 3576 comunibus·
661 3527 698 3565 ex
715 3510 780 3582 ipsa
798 3527 869 3564 vero
888 3509 1023 3581 epistola,
1041 3509 1079 3565 ad
1097 3510 1131 3565 P.
1152 3511 1257 3565 K'essel
1271 3517 1417 3566 rectorem
1430 3511 1549 3582 collegii

322 3601 420 3657 datam
432 3598 526 3656 inisse
542 3600 618 3654 benc
635 3599 791 3670 epistolem
808 3601 887 3654 clare
901 3606 995 3672 patet.
1019 3600 1091 3654 Eam
1110 3599 1243 3656 mutilam
1261 3599 1355 3656 edidit
1368 3600 1503 3658 Haustus
1516 3601 1551 3656 in

320 3689 495 3746 Resinam
509 3689 606 3743 Attea
622 3706 680 3742 rar
695 3687 865 3744 Gesctu'chte
881 3690 932 3744 des
942 3687 1202 3761 Jesuitenorderrs,
1215 3705 1309 3762 pagg.
1324 3687 1389 3759 437,
1408 3687 1471 3759 43⁸.
1485 3689 1549 3744 Nos

320 3775 467 3849 integram
479 3774 528 3830 hic
541 3773 737 3831 exhibendam
759 3774 908 3831 duximus.

374 3869 387 3901 ⁴
422 3870 577 3938 Quaenam
599 3863 710 3920 brerint
732 3865 787 3920 hae
807 3865 971 3920 nubeculae
992 3863 1134 3921 describit
1155 3865 1444 3936 Rementem,
1464 3865 1550 3921 Hist.

322 3957 352 4014 S.
360 3955 395 4028 J.
409 3957 451 4012 aa
464 3955 558 4010 Rtreu.
573 3953 645 4026 inf„
660 3953 715 4009 lib.
730 3953 755 4026 1,
767 3971 835 4025 cap.
853 3968 896 4025 rx,
907 3954 959 4009 ubi
968 3954 1005 4009 de
1015 3957 1144 4026 procella
1152 3953 1295 4026 superiori
1308 3971 1386 4009 anno
1399 3953 1429 4010 in
1445 3955 1550 4012 acade-

320 4046 379 4101 mie
391 4043 554 4100 coloniensi
566 4051 669 4099 contra
682 4041 862 4099 Societatem
875 4043 1029 4114 concitate,
1043 4051 1074 4099 et
1086 4060 1155 4116 cap.
1171 4045 1239 4116 uit„
1252 4044 1305 4098 ubi
1320 4043 1360 4100 de
1377 4043 1463 4100 obice
1478 4061 1551 4118 ope-

319 4134 403 4191 rariis
416 4133 575 4190 Societatis
588 4131 743 4205 intemplo
760 4141 880 4188 sanctae
898 4133 1024 4189 Ursulae
1046 4135 1166 4188 obmoto
1188 4133 1320 4189 breviter
1341 4133 1414 4204 agit.
1436 4133 1549 4190 Esdem

318 4223 422 4282 fusiori
434 4225 548 4278 calamo
561 4230 677 4277 enarret
689 4221 725 4276 P.
741 4221 847 4276 Kessel
860 4219 891 4276 in
904 4221 1029 4293 epistota
1041 4219 1079 4276 ad
1096 4238 1181 4277 suum
1198 4220 1410 4294 provincialem
1426 4221 1552 4277 Everar-

317 4314 388 4370 dum
400 4311 480 4384 data,
492 4329 581 4385 quam
593 4313 685 4368 hebes
698 4309 776 4383 apud
789 4311 935 4380 Hausttu,
949 4311 1008 4368 loc.
1029 4308 1094 4379 cit„
1113 4328 1181 4384 pag.
1200 4309 1254 4381 435
1271 4317 1303 4366 et
1318 4307 1383 4381 43⁶,
1402 4310 1453 4366 ubi
1470 4310 1551 4368 'mim

318 4402 375 4460 alia
386 4403 460 4456 haec
473 4401 587 4456 scribit:
603 4399 761 4472 «Cepimus
773 4397 941 4454 concionari
954 4398 1032 4472 apud
1044 4398 1079 4454 S.
1094 4399 1243 4456 Ursulam.
1255 4398 1315 4454 Sed
1323 4405 1425 4454 centn
1434 4415 1488 4454 uos
1496 4415 1549 4454 ex-

317 4491 408 4550 citata
420 4497 467 4545 est
479 4487 626 4560 tragedia.
642 4487 854 4544 Convenerunt
867 4487 947 4542 enim
956 4487 1090 4544 canonici
1101 4495 1132 4542 ct
1141 4486 1293 4544 abbatissa
1301 4504 1369 4543 cum
1379 4489 1548 4543 unasctnla

317 4578 444 4650 virgine,
458 4587 488 4633 et
500 4579 605 4634 nolunt
618 4575 789 4648 etamplius
802 4577 987 4631 celebremus
1000 4575 1031 4632 in
1044 4575 1169 4632 Camere
1180 4593 1269 4632 aurea
1277 4591 1334 4632 nec
1342 4574 1550 4633 consummes

316 4668 427 4726 ibidem
440 4666 591 4724 audiamus
605 4671 656 4722 ant
667 4665 930 4735 communicemus,
948 4665 1003 4722 sed
1024 4674 1057 4722 ut
1079 4683 1194 4722 sacrum
1209 4665 1330 4740 quidem
1347 4665 1488 4724 isaiam
1509 4665 1546 4724 in
