3604 5380
796 498 862 568 1561
1403 498 1439 569 69

212 651 393 718 Pontificis
408 661 443 720 et
459 652 583 733 Patris,
597 673 662 722 nec
677 651 838 720 inchoare
849 650 1032 737 quicquam
1047 671 1091 718 ex
1105 649 1218 718 officio
1231 652 1355 732 facere,
1370 672 1435 717 an-

214 775 358 853 tequam
373 766 469 833 illum
485 767 716 836 conuenire'm.
992 779 994 787 '

762 965 894 1013 TOLETI

283 1113 374 1182 Veni
404 1115 575 1198 Toletum,
609 1114 668 1181 vbi
698 1114 940 1186 domunculam
970 1122 1006 1182 et
1035 1113 1234 1181 sacellulum
1264 1113 1438 1182 habebant

212 1227 337 1296 nostri:
354 1251 396 1298 eo
411 1229 521 1317 reperi
539 1232 579 1297 Ρ.
598 1229 801 1313 Antonium,
818 1249 919 1315 quem
935 1250 1003 1316 ego
1014 1249 1248 1298 euocaueram.

283 1346 508 1432 Agnoueram
520 1344 694 1431 Compluti
705 1355 806 1412 antea
825 1346 830 1430 Ι
850 1344 1040 1412 inAraozio
1053 1343 1169 1412 nescio
1181 1343 1263 1430 quid
1277 1344 1436 1414 offensio-

212 1459 281 1527 nis:
297 1461 356 1526 hic
370 1461 406 1526 in
421 1460 495 1529 dies
510 1461 726 1530 offendebam
741 1460 915 1543 maiorem,
929 1459 978 1526 ita
988 1470 1026 1526 vt
1042 1481 1167 1546 magna
1179 1481 1265 1547 opus
1276 1451 1435 1528 haberem

211 1573 395 1658 industria,
417 1586 456 1642 vt
476 1575 568 1642 illius
594 1575 744 1643 animum
772 1576 950 1642 commode
965 1585 1160 1644 tractarem:
1190 1574 1272 1644 mihi
1299 1575 1436 1662 quidem

208 1690 428 1777 displicebat.

280 1807 372 1874 Sunt
381 1806 560 1893 expeditae
575 1818 610 1875 et
625 1805 749 1874 missae
764 1803 929 1892 pecuniae
941 1807 1097 1872 Romam:
1111 1804 1231 1892 opinor
1242 1805 1318 1872 illas
1330 1805 1437 1876 fuisse
1545 1861 1547 1866 ,

208 1943 257 1988 ex
272 1920 426 2006 reliquiis
442 1921 527 1988 iuris
541 1924 582 1990 P.
601 1923 629 1990 F
630 1919 785 1988 rancisci.
805 1920 963 1990 Conueni
978 1919 1106 2004 aliquot
1122 1932 1311 2008 magnates:
1330 1920 1367 1988 in
1382 1921 1436 1988 his

208 2036 374 2103 comitem
391 2036 571 2106 feriensem
591 2047 627 2106 et
654 2035 858 2107 Rodericum
884 2037 1034 2104 Gomez:
1057 2046 1202 2121 vterque
1227 2035 1436 2122 suspiciebat

208 2151 411 2220 Araozium.
434 2152 517 2239 Egit
536 2151 626 2220 serio
646 2153 739 2238 apud
758 2173 812 2218 me
833 2150 1022 2219 Rodericus
1040 2174 1085 2221 ne
1105 2151 1334 2239 reciperemus
1350 2173 1435 2222 neo-

185 2269 348 2354 phytos,
366 2268 422 2352 cuj
440 2266 593 2355 grauiter
608 2268 696 2334 ¹29
706 2267 877 2353 respondi,
895 2266 1053 2334 adductis
1068 2265 1292 2354 argumentis,
1309 2266 1435 2352 quibus

183 2442 187 2448 .
204 2382 455 2450 confirmabam
471 2393 624 2450 nostram
639 2383 844 2465 libertatem,
862 2392 929 2452 etc.

277 2499 345 2566 Per
359 2498 547 2567 Araozium
562 2498 710 2566 salutaui
725 2499 964 2585 hispalensem:
978 2498 1052 2586 egit
1064 2520 1197 2568 mecum
1209 2500 1253 2566 de
1266 2500 1431 2570 toletano:

202 2613 296 2681 dixit
310 2635 382 2686 non
396 2614 508 2682 solum
523 2613 677 2683 damnari
693 2612 767 2681 eius
786 2613 1042 2694 catechismum,
1064 2614 1176 2683 sedin
1196 2635 1238 2681 eo
1261 2616 1430 2682 haereses.

205 2731 329 2814 Quum
346 2729 523 2798 videretur
536 2731 673 2800 eleuare
699 2729 922 2798 cardinalium
949 2729 1199 2810 auctoritatem,
1223 2730 1435 2798 confidenter

204 2844 281 2912 dixi
291 2843 369 2914 illos
380 2844 552 2931 principes
563 2842 765 2913 vniuersalis
776 2845 953 2925 ecclesiae,
967 2855 1034 2912 etc.
1049 2847 1166 2930 Quum
1179 2845 1336 2916 offerrem
1347 2865 1434 2931 opus

204 2959 394 3030 Societatis
422 2962 468 3027 ad
497 2973 654 3028 sanctum
689 2959 855 3042 officium,
888 2960 1034 3030 libenter
1059 2959 1202 3046 accepit,
1220 2963 1255 3029 et
1281 2958 1367 3028 dixit
1395 2982 1434 3028 se

205 3095 366 3143 vsurum.

277 3192 431 3258 Tandem
447 3189 542 3276 potui
562 3192 645 3259 dare
671 3187 786 3258 literas
809 3191 895 3278 regi,
911 3193 1002 3277 quod
1022 3191 1028 3279 Ι
1047 3201 1228 3259 curauerat
1251 3191 1432 3274 Araozius;

201 3306 271 3374 sed
286 3305 334 3372 ita
349 3315 542 3386 curauerat,
561 3317 598 3371 vt
614 3305 698 3372 nihil
710 3305 823 3390 mjnus
850 3327 970 3374 curare
985 3306 1121 3393 poterit:
1140 3305 1189 3372 tui
1205 3304 1296 3373 enim
1307 3305 1434 3373 admis-

200 3442 281 3501 sus,
298 3441 405 3507 quum
421 3419 485 3487 iret
501 3421 543 3487 ad
559 3419 708 3501 missam,
726 3421 847 3489 obiter.
861 3420 927 3487 Fui
938 3443 1006 3508 ego
1020 3423 1234 3508 pertubatus,
1258 3420 1433 3506 respondit

201 3539 370 3604 humane:
391 3537 518 3622 «Seays
533 3535 614 3604 bien
629 3535 765 3617 venid0,
784 3536 908 3603 hablad
923 3543 944 3604 a
960 3536 1149 3623 Ruigomez
1168 3538 1212 3602 ’.ω

275 3651 408 3719 Literas
425 3661 539 3720 tamen
554 3651 672 3718 audiui
687 3673 763 3720 esse
778 3653 902 3719 relatas
918 3654 962 3718 ad
972 3652 1210 3739 hispalensem.

276 3767 366 3834 Cum
382 3765 550 3835 Roderico
565 3766 622 3854 egi
637 3766 803 3836 deliretis
818 3766 1103 3853 commendatitiis
1118 3769 1130 3801 ³
1148 3767 1241 3855 regis
1256 3769 1300 3835 ad
1316 3769 1429 3837 Pium:

203 3905 267 3950 eas
281 3881 375 3949 misit
389 3882 569 3950 Araozius.
588 3881 746 3951 Timebat
761 3881 827 3950 sibi
841 3885 885 3950 D.
905 3881 1112 3969 Rodriguez,
1130 3903 1175 3950 ne
1193 3885 1236 3951 ab
1248 3883 1433 3971 hispalensi

199 3997 488 4085 interrogaretur.
511 3997 609 4064 illum
623 4017 665 4064 eo
689 3996 820 4066 facilius
841 3996 928 4080 misi,
951 3997 1043 4064 130
1062 4009 1100 4064 vt
1120 3998 1256 4068 iuuaret
1277 4001 1432 4087 neophy-

199 4127 261 4182 tos
280 4133 324 4182 ex
349 4111 550 4208 sarracenis,
579 4113 641 4182 sed
663 4112 720 4180 ille
747 4124 840 4182 recta
867 4115 1021 4180 Romam.
1055 4113 1208 4182 Discessi
1234 4116 1355 4182 Toleto
1387 4133 1430 4184 20

197 4228 333 4315 Martij,
346 4229 529 4296 admodum
545 4238 723 4315 pertaesus
734 4229 1017 4298 consuetudinem
1028 4250 1108 4296 cum
1123 4229 1252 4297 aulicis.
1272 4229 1340 4298 Hic
1360 4229 1431 4298 uidi

197 4343 427 4428 Malteritum,
445 4342 582 4428 Rieram
592 4354 628 4410 et
640 4344 859 4411 Torrobllam.
874 4343 1004 4432 Accepi
1019 4345 1063 4412 ab
1075 4345 1236 4426 Araozio,
1255 4345 1291 4410 in
1306 4345 1433 4432 quibus

197 4457 386 4526 dubitabat
401 4459 457 4525 vel
467 4457 690 4528 dificultatem
705 4457 885 4539 sentiebat,
903 4469 938 4527 et
953 4482 974 4526 a
990 4461 1031 4526 P.
1046 4460 1210 4542 Antoni0,
1228 4472 1294 4530 etc.
1317 4461 1323 4549 Ι

199 4569 407 4583 ———

262 4623 271 4654 ¹
308 4617 578 4693 Saccmrws,loc.
595 4621 659 4688 cit,
672 4637 706 4676 n.
723 4619 751 4674 8.

260 4711 272 4743 ¹
310 4709 378 4778 Mn,
391 4709 636 4780 commendatijs.
