3544 5390
403 478 459 538 610
863 479 969 536 Errsu.
994 477 1029 535 P.
1055 475 1168 538 Naum

405 633 497 702 din'e:
516 642 550 702 et
567 632 695 722 gratias
715 644 860 719 quantas
881 653 1062 720 possumus
1081 627 1247 700 maximas
1268 631 1392 702 uenae
1413 631 1454 700 V.
1478 628 1599 720 agimus,

404 726 497 810 quod
514 726 558 791 R.
582 727 621 792 Ρ.
646 724 802 791 Natalem
822 724 866 789 ad
885 722 1068 810 collegium
1089 731 1243 789 nostrum
1263 722 1467 790 visitandum
1481 721 1599 789 miserit.

406 817 472 882 Per
487 813 640 900 integras
656 825 725 881 tres
741 812 946 898 septimanas
962 813 1052 899 apud
1073 834 1135 879 nos
1151 833 1288 881 manere
1308 811 1469 898 dignatus
1487 822 1543 894 est,
1558 822 1601 877 at·

403 923 471 990 que
486 902 614 968 vtinam
631 901 772 984 diutius;
790 902 970 988 plurimum
987 923 1050 968 nos
1065 911 1099 968 et
1120 900 1206 968 iuuit
1228 913 1264 968 et
1283 901 1475 968 consolatus
1489 912 1545 966 est.
1560 903 1601 968 Re

403 991 476 1078 ipsa
491 1011 584 1058 nunc
600 990 729 1077 experti
745 1012 863 1057 sumus
878 1012 959 1058 vere
971 1001 1149 1076 paternum
1161 1001 1196 1056 et
1208 1011 1413 1077 propensum
1425 987 1523 1075 ipsius
1532 1010 1601 1076 erga

404 1082 622 1150 Germaniam
638 1079 800 1146 animum.
820 1079 1046 1165 Quotidianas
1061 1081 1307 1166 propemodum
1319 1081 1363 1146 de
1375 1077 1544 1148 Societatis
1558 1079 1601 1144 in-

404 1169 524 1236 stituto
540 1168 722 1237 conciones
738 1170 781 1235 ad
798 1170 918 1236 Patres
939 1178 973 1238 et
994 1169 1115 1236 fratres
1137 1169 1273 1250 habuit,
1295 1179 1330 1236 et
1353 1168 1555 1235 convictores
1568 1169 1601 1232 ad

404 1257 541 1325 virtutis
557 1267 592 1327 et
607 1257 743 1344 pietatis
758 1257 871 1325 studia
886 1255 987 1324 etiam
1002 1268 1053 1326 est
1069 1260 1280 1324 exhortatus.
1306 1259 1415 1326 Multa
1430 1256 1601 1344 prudentis·

406 1348 491 1415 sime
507 1345 695 1428 constituit,
714 1357 749 1415 et
765 1346 876 1413 omnia
893 1346 936 1413 ad
950 1345 1112 1432 optimam
1128 1348 1269 1414 formam
1286 1345 1430 1433 redegit.
1449 1347 1539 1414 Adeo
1552 1367 1602 1411 au-

406 1449 475 1505 tem
492 1437 580 1504 bene
595 1434 714 1517 valuit,
732 1446 770 1502 vt
785 1436 913 1504 diceret
928 1457 966 1502 se
983 1446 1054 1502 toto
1069 1435 1127 1501 illo
1145 1447 1308 1522 ternpore,
1326 1457 1394 1521 quo
1410 1437 1453 1503 ab
1466 1437 1542 1501 vrbe
1555 1436 1603 1500 ab·

407 1525 489 1606 ruit,
514 1524 635 1593 melius
655 1545 725 1591 non
745 1523 908 1592 valuisse.
936 1525 1118 1592 Referebat
1141 1547 1241 1611 porro
1261 1524 1345 1591 illud
1367 1525 1411 1590 ad
1431 1523 1603 1592 cereuisiam

407 1625 562 1681 nostram
580 1613 819 1682 coloniensem.
839 1614 941 1681 Certe
955 1613 1079 1680 eximia
1094 1613 1151 1680 illa
1166 1614 1324 1694 charitas,
1347 1635 1414 1699 qua
1433 1614 1468 1679 in
1482 1634 1604 1680 conuer-

408 1703 538 1770 sionem
555 1701 759 1771 Germaniae
776 1704 894 1784 fertur,
913 1702 1004 1783 facit,
1023 1714 1060 1768 vt
1076 1702 1183 1788 ipsam
1198 1703 1300 1770 etiam
1313 1723 1542 1790 germanorum
1555 1723 1604 1767 na-

409 1797 520 1858 turam
545 1792 579 1857 in
600 1813 663 1857 sua
685 1803 861 1858 senectute
880 1791 1011 1858 induat.
1035 1793 1066 1859 V
1087 1791 1143 1860 die
1164 1792 1314 1879 Augusti
1342 1814 1403 1880 per
1427 1794 1531 1859 sontes
1547 1792 1603 1858 leo

408 1881 544 1948 diemses
557 1880 732 1948 Treuerim
743 1901 864 1947 versus
876 1881 1050 1965 profectus
1061 1892 1125 1963 est,
1140 1893 1314 1967 assumpto
1327 1881 1430 1948 fratre
1441 1893 1547 1948 nostro
1556 1881 1603 1968 Ja-

409 1972 498 2040 cobo
515 1968 663 2048 Munsio,
681 1969 746 2036 sub
762 1970 864 2035 finem
880 1968 971 2034 illius
992 1969 1118 2036 mensis
1139 1971 1274 2037 futurus
1290 1969 1498 2057 Maguntiae.
1515 1971 1601 2036 Rdus.

411 2062 513 2127 Pater
527 2057 745 2146 prouincialis
760 2079 821 2143 per
837 2079 896 2124 sex
912 2056 985 2124 dies
1001 2070 1079 2144 post
1096 2080 1173 2126 eum
1190 2060 1280 2145 apud
1296 2081 1360 2125 nos
1375 2057 1542 2128 remansit.

476 2151 525 2216 M.
543 2149 570 2214 F
572 2147 746 2213 ranciscus
763 2147 975 2216 Homerolus.
986 2149 1158 2233 profectus
1174 2158 1226 2214 est
1242 2148 1278 2214 in
1293 2149 1449 2235 patriam,
1466 2162 1503 2214 vt
1515 2144 1604 2213 omni-

408 2237 475 2302 bus
491 2236 561 2302 suis
577 2237 680 2302 rebus
696 2235 759 2302 rite
774 2234 946 2322 dispositis
962 2257 1039 2303 cum
1062 2239 1109 2303 M.
1124 2240 1282 2327 Johanne
1301 2237 1468 2319 Dionisio,
1491 2241 1532 2304 M.
1548 2237 1605 2304 Ge·

410 2326 510 2392 tardo
536 2327 667 2405 lseren,
697 2325 877 2394 Theodoro
902 2328 1015 2393 Buseo
1042 2335 1077 2394 et
1099 2328 1256 2414 Johanne
1284 2326 1390 2393 Fabio
1418 2324 1605 2414 Maguntiam

411 2413 501 2481 circa
517 2413 644 2482 exitum
662 2413 850 2500 praesentis
866 2415 991 2482 mensis
1011 2415 1054 2480 ad
1075 2417 1115 2482 R.
1137 2419 1176 2484 P.
1201 2416 1357 2484 Natalem
1378 2415 1528 2496 veniant,
1543 2413 1606 2480 inde

412 2514 503 2588 recte
520 2505 662 2570 Romam
678 2502 874 2590 profecturi.
894 2501 952 2572 Sic
964 2503 1054 2572 enim
1067 2525 1086 2569 a
1099 2507 1139 2571 R.
1157 2508 1199 2571 P.
1219 2504 1332 2572 Natali
1344 2504 1528 2572 ordinatum
1544 2501 1604 2568 fuit.

410 2594 511 2660 Vnus
524 2591 767 2679 discipulorum
783 2613 825 2659 ex
841 2595 949 2660 classe
961 2592 1129 2660 rethorica
1144 2593 1179 2661 in
1196 2593 1283 2682 Julio
1299 2594 1342 2660 ad
1354 2593 1548 2663 Societatem
1558 2591 1606 2658 ad-

410 2681 535 2748 missus
549 2691 614 2762 est,
632 2680 769 2748 natione
785 2682 908 2767 galluS,
929 2703 1095 2749 annorum
1121 2701 1172 2770 19,
1194 2683 1253 2767 qui
1274 2693 1410 2768 peracta
1429 2683 1530 2770 prima
1543 2701 1606 2768 pro

410 2770 548 2838 batione
574 2791 667 2836 nunc
694 2769 727 2836 in
749 2771 862 2838 culina
884 2781 1050 2837 uersatur.
1080 2773 1207 2838 Eodem
1228 2793 1346 2840 mense
1367 2771 1535 2859 discipulis
1556 2789 1606 2834 no

411 2859 489 2926 stris
506 2857 655 2945 assumpi
671 2869 751 2926 sunt
768 2861 823 2943 36,
841 2870 900 2925 aut
916 2861 1029 2946 plures
1046 2859 1158 2928 etiam.
1179 2863 1221 2927 Et
1237 2859 1331 2928 venit
1350 2862 1393 2927 ad
1414 2884 1477 2928 nos
1492 2859 1607 2946 quidam

411 2947 535 3015 missus
555 2970 575 3014 a
596 2957 728 3016 rectore
747 2948 880 3035 collegii
905 2948 1010 3015 nostri
1033 2949 1242 3036 maguntini,
1265 2949 1324 3036 qui
1347 2972 1406 3036 per
1429 2971 1531 3018 annos
1552 2959 1607 3014 tres

412 3036 688 3104 concionatorem
704 3048 823 3124 egerat
842 3039 1057 3106 lutheranum
1074 3038 1109 3104 in
1126 3039 1312 3124 palatinatu
1328 3039 1451 3121 Rheni,
1469 3040 1549 3108 inter
1561 3039 1608 3102 he·

413 3126 536 3195 reticos
561 3136 661 3193 natus
680 3136 715 3192 et
735 3128 901 3194 educatus
923 3127 1049 3208 fuerat,
1072 3127 1130 3212 qui
1147 3139 1282 3214 propter
1299 3129 1410 3195 Deum
1434 3129 1469 3194 in
1491 3131 1608 3204 domum

413 3213 646 3282 convictorum
668 3237 688 3282 a
707 3214 808 3283 nobis
827 3226 984 3300 receptus
1003 3227 1038 3283 et
1058 3217 1203 3285 heresim
1225 3239 1359 3286 omnem
1387 3216 1559 3296 abiurauit,
1583 3222 1610 3280 et

413 3313 530 3391 postea
557 3305 734 3371 consessus
759 3315 824 3384 est,
847 3314 881 3373 et
900 3305 936 3370 in
957 3305 1044 3371 festo
1070 3305 1311 3393 assumptionis
1336 3306 1455 3374 beatae
1479 3302 1611 3391 Virginis

413 3393 656 3460 catholicorum
677 3415 771 3462 more
791 3393 1065 3475 communicauit,
1083 3393 1118 3461 id
1134 3396 1226 3480 quod
1245 3398 1420 3481 nunquam
1435 3395 1470 3461 in
1485 3395 1548 3460 vita
1560 3413 1611 3458 sua

414 3483 554 3550 lecerat.
589 3484 699 3567 Spero
726 3483 823 3550 breui
850 3485 1054 3568 perducetur
1081 3484 1124 3550 ad
1150 3484 1325 3552 exercitia.
1360 3487 1456 3553 Haec
1486 3481 1611 3572 paucula

415 3569 513 3638 R‚dae
531 3573 573 3638 P.
597 3573 644 3639 V.
667 3573 865 3652 offerenteS,
887 3571 1015 3639 sanctis
1034 3573 1209 3641 sacrificiis
1227 3583 1263 3640 et
1280 3573 1489 3642 orationibus
1508 3568 1611 3641 vestris

415 3659 570 3727 adiuuari
584 3660 757 3728 humiliter
775 3659 932 3746 petimus.

480 3749 653 3832 Coloniae,
676 3751 715 3818 16
730 3749 882 3838 Augusti
902 3751 996 3834 1562.

418 3899 629 3916 -—-——..

416 3979 579 4065 epistolam,
593 3982 662 4038 licet
674 3998 731 4038 non
744 3983 898 4054 integram,
917 3981 1009 4066 edidit
1021 3999 1063 4066 ¹eu
1076 3981 1181 4038 eodem
1197 3983 1299 4040 codice
1315 3984 1476 4041 coloniensi
1488 3986 1613 4048 Hausssu,

416 4051 475 4106 loc.
491 4065 560 4136 cip,
573 4068 638 4124 429.
656 4054 882 4138 Transumptum
900 4055 947 4110 h1c
960 4054 1124 4110 exhrbrtum
1137 4071 1154 4109 a
1167 4056 1252 4112 nobis
1264 4056 1403 4113 Coloniae
1420 4074 1487 4113 cum
1498 4052 1614 4125 exemplo

416 4123 589 4182 Kesselrano
601 4127 739 4184 collatum
752 4125 817 4184 iuut.
832 4125 906 4182 Vrde
920 4143 1018 4210 supra,
1031 4143 1099 4201 pag.
1116 4139 1178 4197 104.
