3504 5386
408 475 460 546 518
833 481 937 536 Ense.
957 481 990 535 Ρ.
1011 479 1213 550 Nauae-348

407 629 470 711 εἰς,
485 653 573 718 quae
584 635 652 700 hoc
664 633 743 700 anni
756 633 883 700 circulo
896 644 993 720 gesta
1005 633 1084 714 sint,
1099 635 1141 700 T.
1157 633 1197 701 R.
1218 636 1258 700 P.
1278 632 1493 720 perscribam3
1508 631 1600 702 necde

410 746 583 828 omnibus,
606 751 666 818 sed
685 750 729 816 de
749 748 790 818 iis
812 758 961 830 tantum,
984 769 1151 835 quaeper
1166 770 1220 816 me
1236 747 1354 815 inutile
1369 747 1599 816 instrumentum

410 862 603 932 obedientia
618 864 692 932 fieri
709 863 828 931 uoluit.
849 865 905 946 Et,
923 874 962 930 ut
978 888 998 932 a
1014 863 1280 950 profectionibus
1295 861 1419 943 ordiar,
1443 865 1599 948 quadrage

410 976 519 1042 sirnali
532 989 682 1064 tempore
696 977 821 1046 missus
837 1001 857 1045 a
872 980 970 1046 Rmo.
990 977 1207 1065 strigoniensi
1227 981 1234 1012 ¹
1252 978 1295 1046 ad
1311 989 1470 1044 montana
1485 979 1600 1063 Hunga·

410 1076 496 1173 riae,
520 1103 558 1160 ut
579 1093 704 1163 ibidem
731 1093 826 1162 uerbi
850 1114 1052 1181 praeconem
1075 1115 1116 1160 eo
1140 1105 1290 1179 tempore
1310 1113 1466 1180 agerem,
1488 1096 1601 1159 honeste

411 1208 547 1293 quidem
565 1231 585 1275 a
600 1208 796 1277 ciuitatibus
812 1221 974 1296 exceptus
990 1230 1084 1291 sum3
1102 1231 1180 1276 nam
1200 1207 1279 1275 uino
1294 1218 1329 1275 et
1344 1208 1492 1295 piscibus
1504 1206 1602 1289 ubique

412 1334 551 1390 senatus
567 1345 629 1390 nos
649 1325 848 1392 honorando
869 1323 1013 1410 excepit.
1037 1323 1137 1392 Vecti
1158 1334 1273 1390 autem
1293 1344 1413 1390 sumus
1428 1343 1521 1389 curru
1533 1323 1600 1385 hun-

412 1437 545 1524 garico,
562 1438 745 1506 comitante
761 1461 824 1505 nos
847 1440 973 1504 famulo
993 1438 1100 1518 Rmi.,
1123 1437 1182 1522 qui
1202 1449 1237 1507 et
1259 1448 1352 1504 tutor
1368 1447 1403 1504 et
1423 1437 1602 1523 dispensator

412 1573 524 1619 rerum
542 1553 808 1622 necessariarum
828 1575 848 1618 a
864 1555 963 1620 Rmo.
982 1552 1081 1626 nobis
1097 1553 1277 1620 adiunctus
1293 1564 1356 1634 est,
1375 1564 1426 1632 ut,
1445 1550 1472 1618 si
1483 1568 1601 1637 opuses

413 1677 477 1746 set,
496 1669 539 1734 ob
555 1667 802 1736 haereticorum
819 1667 992 1748 malitiam,
1010 1667 1111 1735 etiam
1128 1667 1293 1734 militibus
1311 1667 1553 1735 custodiremur.
1568 1663 1602 1728 At

413 1803 485 1848 non
501 1783 710 1851 admiserunt
725 1804 788 1850 nos
803 1785 846 1850 ad
868 1793 1035 1870 suggesta
1054 1779 1213 1850 locorum'
1227 1782 1359 1850 illorum
1382 1780 1544 1860 haeretici,
1558 1798 1601 1843 ex-

413 1897 623 1964 cusationem
644 1899 905 1984 praetendentes
933 1899 1100 1964 tumultus
1128 1898 1260 1984 populi;
1283 1921 1361 1966 narn
1379 1897 1468 1965 idem
1487 1907 1530 1964 est
1545 1889 1601 1956 Wi-

415 2013 614 2100 tembergae
630 2023 665 2082 et
680 2013 714 2079 in
731 2012 901 2082 montanis
917 2012 982 2079 illis
998 2013 1138 2080 uersari.
1159 2014 1323 2094 Tandem,
1341 2014 1423 2079 dum
1440 2017 1516 2080 haec
1528 2027 1600 2094 prae·

415 2126 480 2194 suli
498 2128 658 2209 rescribo,
676 2139 711 2197 et
731 2149 865 2195 rursum
882 2138 1042 2214 expecto,
1060 2129 1156 2196 adest
1171 2128 1325 2196 uisitator
1341 2149 1383 2196 ex
1400 2115 1602 2214 capitulani

415 2243 532 2311 multis
553 2244 710 2330 precibus
734 2243 881 2311 obtinuit
906 2254 945 2310 ut
969 2244 1230 2332 congregationi
1255 2246 1467 2312 sacerdotum
1493 2241 1602 2307 interes-

417 2383 501 2440 sem,
520 2381 588 2444 quo
602 2359 729 2427 maiori·
740 2381 819 2427 cum
834 2359 960 2425 fiducia
976 2361 1082 2427 uerba
1100 2360 1210 2428 facere
1226 2379 1353 2444 eosque
1369 2357 1546 2426 examinare
1557 2367 1602 2414 au·
1698 2421 1699 2438 ,

416 2477 524 2544 deret.
544 2475 712 2542 Consensi
727 2451 873 2543 homini:
891 2474 1023 2544 inuenti
1039 2485 1119 2542 sunt
1141 2491 1173 2559 5,
1191 2487 1226 2543 et
1241 2475 1339 2562 primi
1354 2474 1429 2543 sine
1448 2470 1558 2544 ordine,
1570 2481 1600 2526 ex

416 2590 691 2677 witembergensi
703 2589 848 2678 collegio
861 2590 966 2671 missi,
977 2613 1037 2677 per
1049 2591 1297 2677 impositionem
1311 2611 1474 2657 manuum
1483 2574 1602 2654 ordinat,

415 2718 450 2773 et
462 2729 481 2772 a
495 2705 652 2793 Philippo
665 2708 811 2791 quodam
825 2706 864 2794 (si
876 2705 958 2772 satis
971 2705 1133 2792 memini):
1147 2705 1182 2772 hi
1196 2727 1273 2774 cum
1288 2705 1458 2785 timerent,
1475 2701 1524 2792 [et]
1538 2711 1602 2761 ame

415 2842 552 2907 quoque
567 2820 686 2887 moniti
702 2833 818 2890 essent
834 2843 893 2890 eos
909 2843 1021 2906 neque
1037 2832 1248 2888 sacramenta
1264 2819 1509 2898 administrare,
1524 2825 1605 2891 neque
1697 2883 1698 2918 3

417 2939 559 3005 uerbum
581 2936 645 3005 Dei
667 2936 834 3005 seminare
856 2959 957 3024 posse
984 2936 1057 3004 sine
1083 2937 1238 3005 idolatria
1261 2948 1296 3005 et
1315 2935 1464 3003 maximo
1485 2919 1607 3002 seandalo

416 3073 456 3120 ac
469 3064 623 3139 peccato,
641 3073 743 3139 agere
760 3074 896 3139 quoque
912 3063 1032 3120 contra
1044 3053 1244 3140 scripturam
1257 3064 1294 3121 et
1310 3073 1430 3121 omnes
1444 3054 1561 3120 Patres
1572 3031 1608 3100 ll·

415 3167 476 3235 hili
505 3170 677 3249 fecerunt,
706 3179 741 3235 et
769 3170 914 3235 tacendo
937 3167 1051 3254 potius
1074 3168 1188 3234 omnia
1210 3169 1421 3238 refutarunt:
1446 3177 1557 3252 quare,
1574 3151 1609 3214 ¹⁰·

416 3285 555 3368 quendo
566 3286 609 3349 ad
625 3305 709 3366 rem,
728 3285 771 3349 ab
789 3283 901 3350 officio
916 3285 1148 3369 deponuntur,
1163 3305 1217 3351 me
1229 3285 1408 3365 suadente,
1423 3306 1443 3350 a
1456 3277 1609 3349 uisitatore:

416 3400 456 3465 fit
478 3420 606 3481 rumor,
630 3399 811 3479 clamatur,
838 3420 1003 3465 uocamur
1022 3397 1166 3481 diaboli,
1188 3398 1274 3479 rasi,
1292 3399 1488 3465 sacerdotes
1511 3381 1612 3457 13²¹alet
1696 3461 1697 3474 ,

416 3512 633 3582 Antichristi.
654 3515 778 3580 Moneo
796 3513 1004 3582 familiariter
1021 3513 1134 3580 uerbis
1155 3513 1310 3580 mitibus:
1337 3534 1426 3579 anon
1443 3515 1516 3579 hoc
1528 3500 1613 3570 &⁰⁰0³

416 3627 636 3716 euangelium
664 3627 822 3696 inimicos
848 3629 1146 3714 blasphemandos:
1172 3649 1268 3696 orare
1289 3629 1301 3661 ¹
1326 3627 1422 3694 iubet
1446 3647 1512 3714 pro
1533 3626 1614 3704 perse-

419 3744 637 3830 quentibus.»
656 3745 735 3810 Non
752 3755 844 3812 recte
859 3743 965 3830 igitur
980 3765 1040 3810 eos
1056 3765 1160 3830 agere
1174 3744 1256 3810 dum
1278 3741 1444 3810 conuiciis
1465 3737 1547 3808 alios
1558 3741 1614 3811 pro·

418 3858 591 3925 scindunt.
611 3859 681 3927 Sed
697 3858 780 3924 nihil
796 3879 933 3926 monere
949 3858 1049 3938 iuuit,
1068 3870 1103 3927 et
1119 3881 1177 3926 ora
1191 3858 1227 3923 in
1244 3879 1298 3924 me
1312 3856 1468 3924 coniecta
1482 3851 1529 3922 ad
1541 3837 1614 3909 mlle·

418 3973 599 4042 dicendum
623 3972 725 4040 culici
745 3972 1001 4059 aperiebantur,
1024 3973 1197 4040 diabolum
1219 3971 1329 4060 magis
1349 3993 1451 4056 quarn
1474 3956 1612 4036 hominem

419 4087 611 4156 clamantia:
631 4109 694 4156 nec
711 4088 818 4154 ualuit
835 4088 1012 4174 depositi03
1032 4111 1108 4157 nam
1126 4089 1169 4154 ad
1185 4109 1248 4155 sua
1263 4086 1398 4172 munia,
1421 4064 1613 4151 omnibusin·

420 4203 517 4285 uitis,
541 4205 681 4271 abeunt.
706 4205 798 4290 Ego,
820 4203 979 4270 omnibus
1000 4202 1288 4291 repugnantibuS,
1310 4201 1346 4268 in
1367 4183 1615 4287 hospitalilibero

421 4330 490 4386 tres
502 4317 606 4385 habui
623 4339 810 4388 sermones:
829 4321 982 4405 approbo
998 4321 1089 4404 quod
1105 4319 1149 4385 sit
1165 4340 1247 4386 uera
1263 4316 1419 4387 ecclesia:
1433 4301 1613 4416 excipftffllfff
1694 4347 1695 4350 ¹

418 4434 522 4514 dieta,
540 4435 580 4500 fit
596 4456 722 4515 rumor,
737 4434 909 4521 spargitur
920 4455 1094 4502 sermones
1104 4435 1213 4501 bonos
1225 4454 1312 4515 esse3
1328 4434 1389 4500 sed
1403 4408 1604 4498 tameninalus

476 4599 482 4628 ¹
521 4591 660 4650 Nicolaus
674 4593 797 4666 Olahus,
811 4593 1047 4667 archiepiscopus
1060 4593 1275 4665 strigoniensis.

472 4687 483 4718 ³
521 4683 590 4753 Ms,
601 4689 722 4740 orante.
