3666 5384
420 439 455 490 62
843 437 876 490 P.
896 435 1038 492 erxrns
1057 435 1222 492 Eamsn.
1262 479 1265 486 .

419 610 478 656 rus
503 597 690 676 perpetuus
716 587 887 674 generalis
905 589 929 670 ι;
947 588 1009 655 sed
1023 608 1096 654 rem
1112 587 1308 674 permittere
1323 587 1463 656 arbitrio
1483 589 1641 659 Societa-

419 704 474 771 tis:
499 724 570 770 non
584 723 662 771 esse
680 701 873 770 absentium
895 701 1065 790 suffragia
1080 702 1300 770 admittenda:
1317 703 1406 770 velle
1422 705 1522 790 plane
1541 727 1638 772 sum-

417 840 510 884 mum
525 816 723 904 pontificem
740 826 779 883 vt
798 827 916 886 nostra
930 817 1087 884 libertate
1102 828 1248 886 vtamur:
1267 820 1425 906 supplere
1437 819 1636 888 delfflsec-

416 945 483 1001 tus:
501 932 674 1002 remittere
690 932 839 1021 rigorem
855 932 989 1000 illarum
1005 932 1406 1001 excommunicationum:
1421 933 1528 1003 videri
1545 936 1634 1004 San-

413 1048 565 1116 ctissimo
573 1058 611 1114 vt
622 1048 754 1115 habitet
765 1047 935 1136 generalis
948 1050 1088 1130 Romae,
1097 1046 1163 1116 nisi
1175 1058 1265 1116 esset
1273 1071 1316 1116 ex
1328 1049 1521 1119 necessaria
1532 1071 1636 1118 causa

411 1163 580 1231 visitanda
596 1163 763 1234 Societas.
783 1166 963 1232 Postremo
978 1163 1126 1231 absoluit
1141 1174 1176 1230 et
1191 1163 1403 1250 dispensauit
1423 1185 1503 1232 cum
1523 1167 1635 1234 omni-

410 1281 475 1346 bus
491 1281 535 1346 ad
549 1279 753 1366 legittimam
769 1278 982 1348 electiomen.

440 1419 443 1424 ·
475 1394 574 1462 Datis
589 1395 775 1481 suffragijs,
792 1416 836 1461 ex
853 1412 908 1473 20,
927 1403 1012 1481 quot
1031 1404 1129 1462 erant
1145 1396 1323 1477 electores,
1345 1396 1462 1463 retulit
1484 1399 1523 1463 P.
1542 1398 1615 1482 Lay

409 1533 470 1577 nes
490 1529 542 1594 13,
564 1529 587 1592 4
606 1511 647 1576 Ρ.
672 1509 815 1590 Natalis,
838 1531 944 1574 vnum
969 1511 1009 1576 Ρ.
1034 1508 1250 1589 Paschasius,
1269 1530 1375 1576 vnum
1404 1513 1444 1577 P.
1469 1510 1631 1590 Lanoius,

407 1647 512 1692 vnum
530 1628 571 1692 P.
589 1624 826 1692 Franciscusa
842 1622 981 1710 Borgia.
1006 1627 1134 1710 Magna
1153 1623 1305 1691 omnium
1326 1623 1560 1694 consolatione
1580 1638 1634 1694 est

406 1741 523 1808 audita
538 1751 574 1807 et
588 1750 727 1826 recepta
742 1738 865 1809 electio
880 1741 905 1804 ¹.
928 1739 934 1827 Ι

472 1857 688 1925 Consecutae
700 1855 813 1920 triduo
824 1853 1072 1940 disputationes
1084 1855 1128 1921 ad
1141 1853 1330 1946 Rotundae.
1344 1854 1477 1922 Deinde
1488 1855 1630 1924 inchoa-

408 1983 461 2038 tae
477 1970 765 2058 congregationes
780 1970 824 2036 de
845 1968 998 2057 negocijs
1022 1968 1215 2038 Societatis.
1230 1969 1383 2037 Admissi
1410 1971 1454 2037 ad
1468 1973 1530 2037 has
1545 1991 1630 2037 con-

403 2085 624 2174 gregationes
639 2095 887 2172 procuratores.
903 2085 993 2152 Sunt
1004 2083 1061 2151 illa
1077 2085 1216 2153 decreta
1232 2085 1333 2167 facta,
1352 2107 1441 2170 quae
1456 2096 1574 2154 extant
1594 2085 1630 2152 in
1717 2099 1728 2123 ⁰

402 2201 488 2269 actis
503 2200 749 2288 posterioribus
764 2199 891 2286 primae
906 2198 1186 2287 congregationis
1202 2200 1383 2287 generalis.

469 2316 580 2401 61ulij
598 2315 745 2382 admissa
759 2324 812 2383 est
829 2325 901 2381 tota
916 2314 1140 2402 congregatio
1155 2315 1199 2381 ad
1216 2317 1372 2382 Paulum.
1388 2316 1515 2385 Sumus
1528 2319 1571 2383 ab
1587 2339 1629 2384 eo

402 2431 533 2518 accepti
548 2429 699 2518 benigna
714 2451 754 2498 ac
769 2429 900 2496 liberali
911 2429 1076 2498 oratione:
1090 2451 1158 2515 qua
1169 2431 1322 2500 oratione
1333 2432 1532 2498 canonicam
1543 2431 1628 2499 dixit

399 2569 439 2614 ac
455 2547 545 2634 piam
558 2546 664 2616 fuisse
680 2545 849 2634 generalis
861 2523 1075 2627 electionem,
1089 2557 1193 2632 atque
1204 2547 1296 2612 illam
1308 2547 1536 2614 confirmauit:
1551 2549 1621 2616 lau-

399 2663 496 2730 dauit
520 2661 702 2733 Societatis
721 2661 827 2728 initia.
855 2659 1071 2728 Praedicauit
1090 2661 1165 2730 eius
1185 2661 1406 2744 incrementa,
1436 2663 1623 2748 quaem

399 2789 588 2866 acceperat,
603 2788 677 2843 tum
689 2799 843 2860 numero,
858 2787 931 2842 tum
943 2776 1069 2842 fructu.
1086 2777 1144 2859 Se,
1159 2786 1341 2862 antequam
1353 2789 1443 2846 esset
1456 2778 1621 2865 pontifex,

399 2895 608 2963 Societatem
631 2893 782 2973 iuuasse,
804 2913 845 2958 ac
865 2891 1037 2979 pollicitus
1057 2903 1110 2959 est
1130 2915 1168 2960 se
1193 2893 1283 2958 illam
1310 2915 1386 2962 esse
1412 2893 1620 2960 adiuturum.

400 3008 596 3096 Appellauit
611 3007 717 3076 semel
733 3017 793 3074 aut
808 3006 931 3074 iterum
947 3009 1082 3074 beatam
1095 3007 1313 3076 Societatem.
1332 3008 1479 3094 Copiose
1493 3030 1557 3076 nos
1571 3021 1624 3076 est

399 3125 598 3191 adhortatus
612 3125 657 3190 ad
672 3123 918 3209 capescendam
935 3143 1085 3191 crucem.
1103 3122 1239 3190 Diserte
1255 3123 1340 3190 dixit
1356 3124 1512 3191 futurum
1531 3127 1624 3208 quod

398 3240 441 3306 ad
472 3239 620 3322 labores,
652 3237 888 3319 contumelias,
917 3238 1184 3325 persecutiones
1219 3239 1262 3306 ad
1288 3249 1431 3306 mortem
1462 3260 1625 3308 vocemur

396 3365 535 3442 propter
549 3375 674 3421 nomen
690 3352 719 3442 [l
722 3353 796 3442 esu]
812 3352 955 3438 eiusque
965 3351 1155 3420 ecclesiam.
1171 3353 1352 3421 Benedixit
1363 3375 1427 3420 nos
1439 3375 1558 3422 omnes
1570 3365 1622 3422 ter

398 3479 604 3556 praesentes,
622 3468 724 3536 simul
740 3470 899 3536 absentes
916 3489 1049 3550 omneS,
1066 3477 1237 3553 quotquot
1249 3467 1284 3534 in
1297 3467 1469 3537 Societate
1481 3491 1622 3538 versan-
1722 3535 1725 3542 .

396 3597 463 3651 tur.
485 3585 491 3673 Ι
511 3583 735 3652 Confirmauit
749 3585 966 3664 Societatem,
981 3605 1100 3652 omnes
1115 3583 1190 3650 eius
1201 3583 1341 3670 gratiaS,
1355 3583 1499 3668 indulta,
1512 3584 1621 3671 priui-

395 3699 497 3786 legia,
515 3710 584 3766 tam
600 3699 787 3786 spiritualia
803 3721 904 3785 quam
921 3699 1131 3786 temporalia,
1148 3719 1385 3785 quaecumque
1399 3700 1456 3768 vel
1471 3722 1492 3766 a
1506 3721 1544 3767 se
1563 3701 1619 3770 vel

394 3817 437 3882 ab
453 3814 528 3900 alijs
551 3814 692 3882 summis
711 3813 931 3902 pontificibus
950 3813 1139 3900 accepisset
1158 3813 1322 3883 Societas.
1342 3818 1519 3884 Postremo
1546 3814 1616 3882 sin-

394 3929 481 4018 guli,
503 3933 608 4017 pedes
627 3929 787 4010 osculati,¹
806 3929 1001 4016 accepimus
1021 3929 1173 4018 proprias
1189 3929 1458 4000 benedictiones.
1485 3931 1618 4000 Detulit

396 4049 499 4112 Pater
513 4045 682 4132 generalis
698 4043 880 4114 Societatis
895 4044 1137 4114 obedientiam.

459 4161 538 4229 Dixi
553 4179 662 4248 pauca
677 4161 719 4226 de
735 4159 908 4228 Societate
923 4170 958 4226 et
974 4161 1152 4244 electione,
1170 4161 1285 4228 omnia
1299 4183 1375 4230 esse
1395 4165 1460 4230 sub
1473 4162 1620 4232 arbitrio

391 4288 427 4344 et
442 4275 645 4345 auctoritate
661 4276 754 4344 Suae
768 4275 979 4344 sanctitatis.
999 4275 1179 4344 Benedixit
1193 4275 1317 4345 iterum
1334 4279 1464 4345 Paulus
1482 4280 1506 4344 ⁸.

444 4466 452 4498 ¹
489 4463 547 4518 lle.
554 4461 741 4536 generalem.

441 4555 452 4586 ¹
489 4551 684 4622 SaccmnuS,
697 4551 755 4606 loc.
768 4551 832 4621 cit,
845 4569 899 4607 nn.
914 4564 960 4624 29,
973 4547 1019 4606 30.

440 4643 451 4674 ³
487 4639 682 4707 SaccmuuS,
696 4641 754 4694 loc.
770 4639 833 4710 cit.,
846 4657 901 4697 nn.
917 4637 1014 4710 Μ.
