3666 5384
834 463 902 524 Ι554
1444 454 1480 510 2³

236 611 396 688 possent
410 601 604 670 concionari
619 602 675 672 vel
690 601 877 670 ministeria
891 624 955 670 sua
970 601 1075 672 obire.
1092 603 1285 671 Deterritus
1301 605 1438 674 tandem
1459 629 1480 674 a

240 716 380 785 nuntio
396 717 545 806 Poggio,
563 717 623 804 qui
638 717 802 786 acerrime
817 719 954 788 tandem
977 717 1025 784 illi
1045 717 1194 786 minatus
1214 729 1279 802 est,
1302 721 1482 790 reuocauit

243 831 419 900 edictum.
437 834 617 928 Aduersus
632 837 725 901 hunc
740 833 846 901 Iulius
862 849 933 918 3³1⁸
949 832 1041 900 misit
1056 854 1152 902 acres
1166 833 1294 917 literas,
1311 857 1398 922 quas
1410 858 1480 904 non

245 947 410 1036 oportuit
423 949 516 1018 dare:
535 948 681 1016 redierat
696 949 763 1016 iarn
779 959 879 1018 antea
894 950 938 1016 ad
954 948 1113 1018 officium.
1135 949 1143 1037 Ι

717 1129 927 1212 Coxarum,
953 1145 1007 1196 2.0

324 1300 404 1366 Non
422 1299 528 1387 longe
547 1300 740 1381 aberamus,
763 1320 869 1384 quum
889 1320 971 1385 prae
990 1297 1228 1385 magnitudine
1251 1300 1258 1332 ¹
1288 1320 1357 1365 non
1384 1298 1483 1386 potui

245 1435 316 1482 ore
332 1413 484 1502 recipere
495 1424 614 1481 votum
626 1415 829 1483 Santander:
845 1411 908 1480 nec
920 1413 1055 1494 mirum3
1069 1412 1229 1482 veniebat
1240 1423 1323 1480 tunc
1335 1411 1482 1500 primum
1575 1493 1581 1503 ¹

248 1553 273 1598 e
289 1529 423 1610 seculo,
440 1538 507 1596 etc.
526 1527 643 1596 Habui
659 1528 924 1598 exhortationes:
942 1527 1092 1610 visitani,
1116 1538 1202 1596 ete:
1225 1527 1376 1598 intellexi
1399 1527 1484 1596 mis-

248 1666 315 1711 sos
331 1643 436 1712 fuisse
452 1667 472 1710 a
488 1643 682 1725 Villanoua‚
701 1664 787 1728 quos
802 1644 965 1710 dixeram.
984 1646 1213 1731 Interceperat
1228 1663 1294 1727 400
1320 1659 1352 1716 Δ
1374 1641 1478 1711 Villa-

251 1781 364 1841 noua,
382 1758 439 1845 qui
456 1769 552 1828 erant
568 1761 710 1827 Romam
726 1757 896 1828 destinati:
922 1762 1015 1846 quod
1034 1780 1101 1846 ego
1121 1781 1225 1847 aegre
1245 1758 1382 1845 quidem
1404 1758 1480 1839 tuli,

254 1886 293 1947 et
315 1874 510 1962 significaui
529 1895 590 1961 per
607 1875 892 1956 Bustamantium,
910 1885 945 1942 et
965 1884 1079 1944 tamen
1099 1897 1169 1942 non
1189 1874 1320 1962 repetij.
1344 1874 1394 1942 1⁷
1415 1873 1482 1960 Egi

255 1993 302 2058 de
319 1989 466 2078 collegio
481 1989 664 2058 conchensi
681 2013 742 2076 per
762 1989 978 2058 Villanouam
998 2011 1076 2056 cum
1096 1989 1262 2057 canonico
1281 1990 1294 2024 ¹
1315 2012 1336 2057 a
1357 1993 1482 2056 Puteo:

255 2107 459 2174 inchoatum
474 2117 538 2172 est:
557 2105 776 2173 confirmatus
791 2105 925 2174 animus
940 2104 1089 2172 doctoris
1105 2106 1291 2192 Vergarae.

245 2209 251 2224 ⁸
326 2221 480 2289 Intellexi
496 2222 610 2289 Araoz
630 2219 836 2307 expunxisse
855 2232 886 2283 τὸ
913 2219 1064 2289 «etiamsi
1085 2231 1193 2288 esset»
1217 2240 1261 2286 ex
1286 2239 1325 2303 14
1346 2219 1479 2305 regula,

252 2357 348 2423 quae
375 2335 493 2403 vltimo
513 2345 632 2402 extant
655 2335 689 2402 in
719 2335 904 2422 exercitijs:
933 2335 1116 2404 deterritus
1137 2334 1268 2404 scilicet
1294 2357 1314 2402 a
1340 2335 1483 2400 doctore

253 2453 401 2534 Cuesta,
419 2461 454 2518 et
469 2449 687 2518 substituisse
705 2450 857 2519 «etiamsi
869 2451 947 2518 sit».

327 2567 480 2636 Intellexi
510 2564 687 2652 scripsisse
720 2566 895 2635 doctorem
930 2568 1089 2658 Torrem,
1127 2564 1185 2650 qui
1212 2566 1383 2651 professor
1408 2573 1484 2632 erat

255 2680 469 2769 theologiae,
486 2703 548 2768 pro
564 2679 734 2766 exercitijs
750 2683 775 2761 ³,
790 2682 965 2751 doctorem
982 2681 1083 2750 etiam
1100 2683 1288 2768 Vergaram
1305 2699 1366 2765 pro
1382 2699 1481 2747 exer-

256 2797 352 2883 citijs
367 2795 571 2866 sententiam
587 2795 723 2863 dixisse.
743 2795 849 2864 Effeci
865 2805 902 2862 vt
920 2798 1024 2863 Dnus
1041 2795 1272 2882 Hieronymus
1292 2793 1441 2862 Viuerus
1462 2815 1481 2858 a

255 2911 408 2999 collegio
423 2921 647 2998 separaretur.
670 2911 677 3000 Ι
697 2911 774 2980 Misi
787 2912 996 2979 Placentiam
1009 2914 1050 2979 P.
1069 2911 1296 2992 Villanouam,
1314 2921 1352 2975 vt
1363 2919 1484 2996 ageret

255 3029 306 3095 de
321 3026 468 3114 collegio
483 3048 562 3094 cum
578 3025 748 3113 episcopo.

326 3205 380 3273 18
665 3207 926 3287 Vnnmsouxrr,
953 3226 1066 3273 numo

328 3373 396 3442 Hic
410 3384 464 3442 est
479 3373 637 3460 expedita
652 3373 802 3460 prouisio
817 3373 952 3461 collegij
971 3372 1102 3441 romani
1117 3373 1161 3441 ad
1176 3373 1264 3440 6000
1285 3387 1317 3444 Δ
1342 3391 1385 3437 ex
1407 3369 1483 3438 iure

256 3493 303 3559 P.
322 3491 350 3557 F
351 3489 508 3573 rancisci‚
527 3512 569 3558 ex
590 3505 673 3574 1500
694 3504 726 3561 Δ
752 3488 932 3556 duchissae
952 3499 987 3558 et
1006 3509 1049 3556 ex
1075 3507 1158 3555 1000
1173 3486 1323 3575 episcopi
1343 3485 1481 3554 Schira·

256 3605 342 3692 chij,
360 3615 396 3675 et
411 3628 455 3674 ne
471 3605 610 3674 obolum
627 3603 764 3690 quidem
780 3627 823 3674 ex
838 3603 1003 3691 collegijs.
1022 3605 1072 3670 Eo
1086 3602 1181 3672 venit
1196 3605 1357 3682 Herrera,
1380 3623 1483 3688 quem

258 3741 456 3808 receperam
472 3719 660 3808 Compluti,
676 3731 711 3786 et
726 3719 793 3787 iam
810 3730 883 3787 tum
894 3719 976 3786 mihi
987 3718 1159 3806 displicuit
1171 3740 1241 3786 non
1252 3716 1480 3786 mediocriter.

258 3835 452 3904 Rodoricus
459 3837 592 3905 Gomez
603 3833 730 3921 recepit
742 3844 998 3902 numeraturum
1011 3855 1049 3901 se
1060 3856 1135 3902 eam
1147 3833 1326 3920 pecuniam
1338 3835 1481 3912 Romae,

257 3960 364 4038 prout
379 3967 474 4035 1500,
489 3972 575 4036 quos
587 3971 654 4038 ego
665 3949 728 4016 tuli
748 3949 753 4038 Ι
774 3950 809 4016 in
819 3961 1010 4031 numerato,
1029 3970 1117 4035 quae
1133 3959 1247 4017 tamen
1269 3949 1404 4015 duobus
1419 3968 1482 4014 an—

257 4066 314 4134 nis
330 4087 400 4134 non
415 4077 469 4136 est
483 4068 563 4134 data
578 4065 716 4149 nostris;
733 4088 853 4135 verum
866 4065 995 4133 addidit
1010 4067 1081 4152 ipse
1095 4081 1171 4148 500,
1185 4075 1222 4130 vt
1234 4065 1395 4132 damnum
1408 4084 1483 4128 mo-

256 4203 317 4251 rae
338 4183 545 4252 refunderet.
569 4182 637 4250 Hic
656 4181 790 4269 plenius
811 4181 962 4250 intellexi
978 4183 1021 4250 de
1042 4180 1279 4248 exercitiorum
1299 4177 1482 4247 delatione:

253 4320 334 4367 esse
345 4299 459 4366 delata
470 4319 491 4364 a
502 4293 673 4388 quddam]
684 4287 901 4384 praesentato
913 4296 1204 4364 dominicanorum
1217 4295 1408 4375 Pedrocho‚
1423 4291 1483 4378 qui

314 4489 323 4522 ¹
361 4485 423 4557 Sic,
436 4486 729 4559 sensuincompleto.

312 4579 324 4612 ¹
361 4575 431 4646 lde,
444 4577 596 4632 conones.

313 4667 327 4700 ⁸
363 4665 431 4737 ΜΔ,
446 4665 592 4738 uacuij.
