3666 5384
348 495 383 538 ιο
771 481 805 536 Ρ.
825 479 966 536 Nar-sus
984 481 1149 536 Ernsuan.

348 639 397 702 M.
419 632 595 702 Canisium
616 634 764 719 Pragam
786 632 830 698 ad
853 633 1036 717 parandam
1064 631 1155 699 illius
1182 632 1319 720 collegii
1341 633 1574 701 fundationem

344 771 426 816 cum
442 749 548 818 literis
564 746 770 816 Ferdinandi
785 747 889 835 regis:
907 749 999 816 vnde
1014 769 1075 833 per
1090 751 1138 814 M.
1154 747 1330 815 Canisium
1342 759 1423 818 sunt
1435 749 1575 816 adducti

344 867 393 932 ad
418 864 624 934 Societatem
656 884 696 932 10
724 861 853 944 boemi,
875 865 973 931 etde
992 863 1139 950 collegio
1163 863 1323 951 pragensi
1351 875 1572 932 transactum.

345 979 619 1048 Constitutiones
634 979 789 1046 Viennae
804 977 1045 1065 promulgauit.
1068 977 1160 1046 Hinc
1179 977 1359 1048 discedens
1379 978 1575 1046 conciliauit

348 1099 390 1164 P.
410 1095 541 1182 Ignatio
558 1098 604 1163 M.
620 1095 805 1164 Simonem.
824 1093 987 1161 Visitauit
1003 1093 1150 1181 collegia
1165 1092 1279 1161 onmia
1294 1095 1423 1176 ltaliae,
1441 1101 1575 1181 praeter

346 1212 574 1292 lauretanum‚
597 1230 637 1278 ac
657 1207 848 1297 publicauit
868 1208 1141 1276 constitutiones.
1162 1210 1223 1277 88
1243 1209 1333 1278 Dein
1354 1231 1472 1280 rursus
1492 1208 1574 1276 mis-

345 1347 407 1394 sus
423 1325 527 1392 estin
547 1325 749 1412 Hispaniam
770 1345 887 1391 mense
908 1324 1102 1405 Decembri,
1120 1335 1158 1391 vt
1179 1325 1313 1392 iuuaret
1333 1325 1368 1393 in
1389 1323 1576 1392 ministerio

349 1445 390 1508 P.
409 1441 643 1521 Franciscum,
661 1451 764 1526 atque
780 1439 1009 1525 prouisionem
1026 1441 1156 1506 romani
1171 1441 1306 1528 collegij
1324 1463 1458 1508 rursum
1474 1461 1577 1508 cura-

300 1565 308 1578 '
349 1567 401 1624 ret
417 1555 675 1642 expediendam:
695 1554 759 1620 fuit
775 1555 809 1622 in
826 1542 992 1642 Hispania
1012 1578 1034 1643 9
1054 1577 1200 1623 menses:
1219 1554 1321 1623 missa
1336 1567 1417 1623 sunt
1433 1557 1575 1624 Romam

348 1673 439 1738 6800
454 1670 549 1738 aurei
564 1669 767 1738 auctoritate
780 1673 821 1737 Ρ.
836 1671 864 1736 F
866 1669 1021 1736 rancisci.
1038 1669 1185 1738 Mittitur
1198 1673 1238 1738 P.
1258 1670 1494 1757 Ribadeneyra
1514 1672 1522 1704 ¹
1539 1670 1575 1737 in

346 1788 462 1854 aulam
479 1785 626 1872 Philippi
641 1784 734 1872 regis
751 1784 922 1865 catholici,
940 1786 998 1850 vbi
1016 1765 1079 1852 fuit
1096 1805 1223 1853 annum
1242 1787 1322 1852 fere.
1338 1785 1520 1872 Transegit
1532 1786 1577 1852 de

299 1976 301 1982 ¹
345 1900 486 1970 licentia
503 1899 668 1967 fundandi
680 1898 827 1986 collegia
838 1899 873 1964 in
886 1900 1055 1981 Flandria,
1071 1910 1106 1967 et
1117 1900 1366 1986 eleemosynam
1378 1899 1499 1966 habuit
1511 1901 1576 1967 600

345 2027 530 2086 aureorum
541 2038 603 2103 pro
615 2015 760 2102 collegio
771 2016 950 2102 ro[mano],
965 2016 1022 2082 vbi
1034 2024 1191 2082 versatur
1201 2035 1279 2082 cum
1291 2017 1383 2083 bono
1395 2015 1576 2085 Societatis

347 2134 465 2200 odore.
483 2130 719 2218 Designantur
734 2130 936 2198 auctoritate
952 2129 1138 2217 apostolica
1157 2129 1309 2217 episcopi
1332 2134 1372 2198 P.
1391 2131 1527 2199 Nunius
1542 2139 1577 2196 et

350 2251 391 2316 P.
409 2248 553 2316 Ouedus
564 2256 599 2312 et
614 2249 653 2313 P.
669 2246 853 2314 Camerius
865 2246 877 2279 '
891 2247 1063 2328 absentes,
1082 2247 1182 2332 pleno
1198 2246 1419 2314 cardinalium
1431 2267 1577 2314 consen-

346 2385 403 2444 su,
422 2385 463 2430 ac
479 2347 605 2449 magna¹
620 2360 696 2430 aedi
716 2361 721 2450 Ι
742 2361 913 2443 ficatione‚
931 2363 1022 2448 quod
1039 2361 1193 2430 Societas
1209 2361 1349 2448 recipiat
1362 2361 1578 2449 episcopatus

349 2478 408 2546 vbi
435 2481 546 2546 solum
562 2485 624 2546 'est
652 2499 738 2564 opus
765 2480 910 2560 bonum,
933 2499 1003 2544 non
1030 2477 1132 2546 etiam
1159 2479 1269 2544 honor
1291 2479 1347 2544 vel
1373 2488 1571 2564 prouentus

351 2598 392 2662 P.
416 2593 601 2661 Carnerius
621 2613 699 2660 cum
722 2593 796 2678 alijs
817 2591 852 2659 in
872 2593 1001 2660 Indiam
1021 2591 1175 2683 [pergit],
1197 2603 1235 2660 vt
1255 2592 1347 2659 illinc
1367 2593 1432 2661 iter
1452 2594 1578 2662 habeat

347 2709 385 2777 in
402 2709 617 2797 Ethyopiam;
632 2719 809 2777 remanent
826 2711 865 2775 P.
885 2708 1022 2775 Nunius
1037 2718 1072 2775 et
1090 2711 1130 2775 P.
1145 2709 1302 2788 Ouedus,
1321 2719 1356 2775 et
1371 2729 1576 2776 consecran-

346 2837 405 2892 tur
417 2824 578 2912 episcopi.
596 2823 745 2906 Mittitur
755 2846 775 2890 a
787 2843 921 2890 summo
932 2823 1094 2910 pontifice
1104 2826 1152 2892 M.
1165 2824 1343 2893 Salmeron
1353 2823 1388 2890 in
1400 2822 1577 2891 Poloniam

344 2961 426 3008 cum
441 2939 570 3006 nuncio
580 2938 780 3024 apostolico,
794 2937 954 3025 episcopo
966 2937 1159 3006 veronensi:
1179 2939 1278 3007 redit.
1294 2939 1348 3006 Fit
1360 2937 1578 3025 prouincialis

344 3053 553 3123 Germaniae
580 3056 621 3121 P.
652 3052 824 3120 Canisius.
855 3053 988 3119 Emittit
1011 3053 1257 3139 professionem
1279 3058 1319 3122 P.
1347 3053 1579 3139 Hieronymus

346 3173 591 3238 Domenechus
608 3171 633 3252 ³,
652 3180 687 3236 et
704 3167 850 3235 mittitur
865 3167 1086 3256 prouincialis
1101 3169 1137 3235 in
1153 3168 1314 3239 Siciliam.

424 3347 486 3414 39
917 3355 1025 3427 [15150

419 3515 615 3584 Fundatum
630 3515 815 3603 collegium
827 3515 1111 3602 inglcstadiense:
1130 3529 1268 3604 apertae
1289 3518 1426 3585 scholae
1447 3518 1580 3586 theolo-

356 3632 447 3719 giae,
466 3642 501 3700 et
517 3632 530 3665 ⁴
878 3632 1073 3698 Fundatum
1086 3653 1255 3719 pragense
1267 3632 1461 3721 collegium;
1479 3635 1581 3700 scho-

345 3770 386 3816 ae
412 3747 449 3815 in
475 3747 654 3835 theologia
679 3768 718 3814 ac
741 3745 848 3816 literis
872 3745 1130 3816 humanioribus
1159 3759 1308 3834 apertae;
1332 3747 1580 3816 concionantur

347 3863 468 3930 nostri.
486 3865 687 3930 inchoatum
703 3860 887 3950 collegium
903 3881 1061 3930 senense:
1080 3863 1206 3930 docent
1221 3863 1329 3930 nostri
1340 3861 1457 3930 latine.
1473 3863 1579 3931 Colo·

344 3977 467 4046 niense
481 3977 664 4065 collegium
681 3988 833 4059 auctum,
856 3975 969 4044 missis
990 3976 1239 4062 professoribus
1260 3976 1451 4065 theologiae
1473 3987 1577 4064 atque

405 4250 413 4281 ⁴
451 4245 718 4318 Ms.,Ribuneyra.

399 4337 411 4369 ²
448 4333 540 4390 Nadal
558 4335 717 4408 scripserat
736 4331 914 4396 Cornelius,
935 4331 988 4387 sed
1006 4331 1107 4403 ignota
1126 4347 1229 4388 manus
1253 4331 1424 4388 emendavit
1444 4332 1583 4390 scribens

348 4422 531 4480 Canterius.

400 4512 411 4544 ³
448 4511 711 4582 Ms.,Domechus.

398 4599 412 4632 ⁴
446 4599 496 4656 Sic
508 4619 598 4658 sensu
610 4602 770 4674 inexpleto:
790 4599 917 4672 spatium
936 4599 977 4654 ibi
995 4597 1132 4652 relictum
1149 4613 1201 4669 pro
1219 4595 1334 4652 duobus
1352 4598 1486 4656 versibus
1506 4602 1568 4655 scri

349 4688 465 4746 bandis.
