3504 5386
633 408 667 464 ²9
686 394 872 450 Novensms
893 393 961 463 1563
1047 443 1049 452 ,
1179 451 1182 460 ,
1358 399 1411 467 467

180 567 251 630 qua
266 567 331 614 con
347 546 379 613 la
395 546 506 633 gratia
521 549 565 616 de
584 546 652 614 Dio
671 569 708 614 se
730 547 893 614 risoluera
913 568 978 613 con
998 549 1043 615 N.
1064 549 1105 616 P.
1129 550 1208 616 oon
1224 548 1326 636 Luigi
1342 572 1411 616 non

179 662 309 730 anderai
325 661 518 731 altrimente
533 686 553 730 a
568 661 719 750 Dilinga.
738 661 779 729 Ci
795 664 815 729 ἐ
831 672 921 729 stato
933 683 1013 729 caro
1025 662 1203 731 intendere
1220 663 1328 730 faccia
1342 667 1411 733 ben

180 776 322 844 l’osficio
337 779 381 845 de
396 777 596 847 ministroel
613 781 652 844 P.
672 777 856 845 Rebastein
876 779 898 844 ¹.

251 909 282 976 5.
332 892 453 978 Quasi
468 915 513 960 ua
523 892 559 958 in
567 895 671 962 fretta
682 893 771 961 nelle
780 913 861 961 cose
871 894 927 960 del
939 891 1092 960 concilio.
1107 893 1144 962 si
1155 895 1225 961 farn
1238 893 1410 963 mentione

179 1007 224 1074 de
241 1019 359 1075 nostra
375 1009 599 1096 Compagnia,
618 1011 741 1094 perche
758 1007 816 1095 gia
832 1009 921 1074 nella
936 1007 1184 1095 congregation
1197 1008 1333 1094 publica
1349 1009 1409 1076 sie

180 1122 338 1206 risoluto,
356 1124 489 1192 benche
510 1145 579 1191 non
601 1123 630 1191 si
650 1125 670 1191 e
691 1134 812 1220 potuto
832 1125 978 1192 ottener’
996 1125 1060 1190 che
1076 1124 1106 1191 si
1123 1125 1252 1192 facesse
1268 1125 1311 1191 de
1326 1145 1407 1212 cap-

53 1289 61 1312 .
176 1237 330 1323 puccini,
344 1261 388 1307 ne
399 1241 443 1307 de
456 1238 598 1322 minimi,
609 1241 673 1308 che
686 1239 800 1307 alcuni
811 1241 845 1305 lo
856 1238 1115 1320 desiderauano,
1131 1249 1165 1308 et
1177 1261 1247 1306 non
1259 1240 1408 1308 obstanti

175 1353 209 1420 le
225 1354 461 1422 controuersie
476 1354 566 1421 circa
586 1356 618 1422 le
633 1352 743 1440 pareri
758 1353 898 1435 diuersi,
916 1364 951 1420 et
971 1352 994 1420 li
1016 1354 1095 1421 mali
1116 1354 1213 1420 offitii
1229 1357 1294 1424 che
1309 1357 1408 1441 qual-

174 1489 270 1536 cuno
289 1471 334 1536 de
353 1469 460 1536 nostri
482 1469 635 1537 forusciti
656 1472 770 1537 hanno
790 1469 879 1557 fatti,
898 1469 926 1536 si
947 1471 967 1536 ὁ
988 1468 1078 1536 uisto
1099 1491 1164 1555 pur
1188 1471 1288 1536 fauor
1302 1471 1408 1537 molto

174 1583 312 1669 grande
327 1583 406 1652 nelli
423 1583 542 1671 prelati
558 1585 602 1653 de
618 1583 699 1671 ogni
717 1583 854 1652 natione
874 1605 976 1652 uerso
996 1585 1028 1651 la
1047 1584 1261 1672 Compagnia
1276 1596 1404 1652 nostra:

173 1698 245 1766 Dio
261 1699 402 1766 laudato
416 1700 442 1765 '.
462 1701 539 1768 Una
555 1721 635 1766 cosa
651 1701 732 1786 pero
748 1710 844 1767 tocca
860 1700 1116 1786 generalmente
1132 1709 1253 1769 atutte
1268 1701 1300 1766 le
1316 1700 1405 1767 relli-

174 1813 288 1900 gioni,
306 1824 341 1880 et
358 1836 378 1880 a
393 1814 449 1881 noi
465 1813 608 1883 insieme
622 1835 688 1881 con
704 1816 736 1882 le
751 1816 848 1895 altre,
863 1824 898 1880 et
913 1815 932 1880 ὁ
947 1814 1003 1883 del
1019 1836 1088 1880 non
1101 1813 1255 1899 predicar
1267 1837 1311 1882 ne
1323 1834 1406 1880 con-

174 1929 289 1996 fessar
307 1951 411 1996 senza
431 1929 569 2016 licentia
588 1929 667 1999 delli
687 1929 838 1996 vescoui.
865 1931 911 1999 Se
937 1930 980 1996 V.
1005 1931 1047 1995 R.
1074 1929 1097 1994 li
1117 1933 1294 1996 occorrera
1314 1929 1408 1995 darei

172 2045 325 2128 qualche
341 2045 449 2125 auiso,
468 2046 556 2112 celo
571 2044 638 2127 dia;
657 2047 790 2113 benene
809 2065 968 2132 speramo
982 2045 1026 2114 de
1042 2045 1158 2131 parola
1173 2046 1206 2110 lo
1227 2048 1325 2130 potra
1346 2046 1408 2110 dar

171 2170 303 2244 presto.
327 2160 457 2227 Auanti
477 2159 499 2225 il
521 2161 642 2228 Natale
664 2160 692 2227 si
712 2183 819 2247 pensa
844 2161 949 2226 molto
969 2161 1013 2228 de
1033 2169 1128 2226 certo
1153 2163 1246 2227 serra
1270 2160 1293 2224 il
1313 2169 1407 2226 tutto

170 2275 286 2355 finito,
304 2285 340 2342 et
354 2296 392 2342 se
412 2297 481 2342 non
498 2275 580 2342 fossi
595 2298 655 2363 per
671 2277 704 2342 la
719 2275 881 2342 instantia
901 2276 958 2342 del
980 2285 1082 2343 conte
1097 2275 1141 2343 de
1157 2275 1267 2355 Luna,
1286 2275 1309 2339 il
1325 2275 1406 2359 qual

169 2410 323 2476 procura
337 2412 375 2458 se
390 2389 513 2476 aspetti
529 2401 622 2457 certa
637 2403 790 2478 resposta
806 2391 861 2456 del
883 2413 920 2457 re
942 2389 1121 2470 catholico,
1139 2388 1200 2476 pio
1215 2400 1331 2475 presto
1348 2411 1397 2456 sa-

170 2507 280 2573 rebbe
296 2507 330 2572 la
348 2527 430 2573 cosa
448 2507 555 2574 finita.
581 2506 648 2575 Gia
667 2506 826 2575 habiamo
846 2529 958 2575 messo
979 2505 1002 2571 li
1023 2505 1111 2572 libri
1123 2507 1212 2572 nelle
1232 2526 1329 2573 casse
1344 2526 1405 2591 per

169 2621 341 2688 mandarli
357 2620 393 2688 in
410 2621 566 2700 Venetia,
584 2634 619 2688 et
635 2623 728 2689 molti
749 2623 869 2708 prelati
889 2624 1004 2689 hanno
1024 2621 1185 2688 mandato
1206 2641 1292 2707 gran
1308 2630 1404 2705 parte

170 2737 265 2805 delle
281 2759 344 2805 sue
359 2737 530 2824 bagaglie.
546 2739 642 2804 Nelle
654 2737 799 2804 orationi
810 2747 876 2804 etc.
892 2737 936 2804 Di
949 2739 1090 2816 Trent0,
1104 2736 1128 2802 li
1142 2755 1185 2824 29
1195 2737 1238 2802 de
1251 2737 1404 2802 Nouem-

170 2851 235 2919 bre
257 2853 355 2935 1563.
1017 2873 1021 2883 .

226 3070 234 3100 ¹
277 3066 311 3120 P.
325 3067 454 3138 loannes
467 3067 640 3138 Rsbestein,
652 3067 690 3121 de
702 3083 760 3140 quo
773 3067 840 3122 vide
854 3085 921 3139 pag.
937 3067 1000 3140 233,
1018 3076 1118 3125 annot.
1139 3082 1165 3134 ις
1185 3076 1216 3122 et
1236 3067 1324 3139 epist.
1339 3063 1404 3136 336,

169 3174 199 3211 n·
215 3168 241 3211 1.

221 3249 235 3280 2
276 3244 360 3299 Haec
372 3245 476 3300 melius
490 3245 693 3316 intelliguntur
706 3263 744 3300 ex
754 3245 801 3315 iis,
811 3262 886 3317 quae
897 3247 1052 3318 Polancus,
1063 3265 1101 3301 ex
1111 3245 1331 3313 commissione,
1343 3245 1404 3299 Ma-

168 3332 271 3388 dridio
284 3345 319 3401 25
331 3333 508 3389 Novembris
523 3333 591 3402 1563
604 3335 731 3406 scripsit,
748 3351 824 3407 quae
836 3333 877 3389 ita
895 3336 1015 3390 habent:
1031 3333 1207 3392 «Oluideme
1218 3333 1255 3390 de
1274 3335 1404 3389 escreuir

167 3439 206 3478 en
220 3425 251 3478 el
266 3431 333 3478 otro
344 3421 490 3494 despaclro
503 3423 539 3478 de
553 3441 592 3478 un
605 3427 723 3480 sermon
734 3441 792 3496 que
805 3423 872 3480 hizo
881 3427 908 3479 el
919 3424 1057 3495 domingo
1070 3423 1195 3496 passado
1206 3426 1233 3479 el
1246 3424 1278 3478 P.
1291 3423 1402 3478 Selme-

166 3516 234 3580 ron,
249 3529 311 3586 que
323 3512 361 3567 de
374 3512 458 3567 todos
471 3511 520 3568 fue
535 3530 604 3585 muy
616 3523 733 3585 acepto,
746 3532 766 3586 y
780 3512 1018 3584 especialmente,
1032 3517 1048 3568 t
1062 3515 1091 3568 lo
1107 3530 1165 3586 que
1178 3512 1371 3568 entendemos
1386 3515 1403 3568 tl

167 3604 213 3657 los
227 3602 269 3656 de
282 3603 311 3656 la
323 3601 429 3657 nacion
441 3603 589 3675 espaflola;
603 3619 623 3674 y
637 3619 674 3656 en
692 3610 771 3657 estos
784 3603 876 3658 dexos
892 3602 939 3658 del
958 3601 1084 3658 concilio
1102 3618 1140 3657 no
1157 3604 1194 3656 ha
1211 3601 1319 3658 uenido
1332 3603 1402 3672 mal,

167 3707 242 3763 para
255 3690 394 3746 dexarles
407 3693 433 3746 la
445 3693 520 3747 boca
531 3691 627 3746 dulce.
639 3691 774 3747 Trattase
787 3709 824 3747 en
834 3693 876 3747 las
886 3691 1134 3762 congregaciones
1143 3692 1298 3762 generales
1308 3693 1343 3746 de
1358 3708 1402 3746 re-

165 3781 350 3854 gularibus,
363 3798 383 3852 y
395 3781 466 3836 hese
479 3783 572 3836 hecho
589 3783 696 3852 alguna
708 3781 843 3836 mencion
860 3781 897 3836 de
915 3789 1034 3836 nuestra
1051 3779 1222 3852 Compaiila.
1241 3780 1267 3834 Y
1285 3795 1403 3852 auoque

168 3871 330 3926 Balthasar
347 3871 434 3925 Mello
448 3887 504 3926 con
521 3872 644 3941 algunos
661 3877 740 3925 otros
758 3869 864 3925 salidos
882 3874 899 3925 ό
918 3869 1064 3925 hechados
1083 3869 1120 3926 de
1139 3871 1166 3925 la
1183 3870 1345 3941 Compar‘rla
1364 3885 1401 3924 en

164 3959 287 4016 andado
300 3957 442 4014 haziendo
454 3960 575 4032 pliticas
588 3975 639 4031 por
653 3960 775 4029 algunos
788 3959 824 4014 de
839 3962 882 4014 los
897 3959 1070 4031 principales
1083 3959 1228 4031 perlados,
1243 3975 1294 4030 por
1306 3957 1402 4029 grstia

166 4052 206 4107 de
220 4049 298 4105 Dios
310 4049 367 4107 han
378 4047 493 4120 ganado
506 4065 591 4121 poco,
603 4066 624 4120 y
634 4065 672 4103 no
683 4051 714 4103 se
728 4049 849 4103 hombre
862 4047 899 4103 de
912 4047 996 4103 todos
1010 4050 1053 4103 los
1067 4048 1201 4120 perlados
1214 4065 1272 4120 que
1284 4065 1340 4119 aya
1351 4048 1401 4102 ha·

164 4139 259 4196 blado
271 4139 392 4210 palabra
403 4137 534 4208 ninguna
547 4154 583 4192 en
596 4137 752 4206 contrario,
766 4138 830 4192 sino
843 4145 927 4192 antes
939 4156 977 4192 en
987 4137 1080 4193 fauor.
1095 4137 1210 4210 Porque
1221 4138 1248 4192 la
1261 4154 1330 4192 cosa
1342 4140 1400 4192 arla

164 4246 205 4286 no
228 4245 264 4283 es
286 4226 461 4299 concluyda,
484 4243 522 4281 no
544 4242 641 4296 uengo
663 4229 725 4281 mes
746 4229 763 4281 a
785 4228 828 4281 los
850 4227 1050 4298 particulares.
1074 4226 1219 4281 Tambien
1242 4228 1359 4298 placere
1383 4227 1400 4280 l

165 4319 243 4374 Dios
256 4316 296 4371 N.
311 4316 342 4371 S.
356 4334 413 4387 que
426 4333 542 4372 seamos
555 4325 654 4388 presto
664 4332 715 4388 por
728 4318 795 4386 alli,
814 4321 907 4388 segiln
926 4333 983 4371 nan
1001 4318 1043 4371 las
1062 4333 1146 4371 cosas
1163 4316 1360 4385 acabtndose,
1379 4333 1399 4385 y

167 4425 223 4482 por
252 4423 321 4462 esso
347 4405 437 4478 podre
463 4421 511 4460 ser
537 4413 619 4478 tento
640 4409 701 4462 mas
724 4407 852 4462 breue.»
875 4407 919 4461 Ex
944 4407 1115 4478 archetypo,
1140 4405 1171 4461 in
1199 4404 1273 4462 Cod.
1305 4403 1399 4467 PLB,

167 4497 225 4555 203
238 4499 318 4564 (201,
332 4499 407 4564 202).
