<?xml version="1.0" encoding="UTF-8"?>
<!DOCTYPE html PUBLIC "-//W3C//DTD XHTML 1.0 Transitional//EN"
    "http://www.w3.org/TR/xhtml1/DTD/xhtml1-transitional.dtd">
<html xmlns="http://www.w3.org/1999/xhtml" xml:lang="en" lang="en">
 <head>
  <title>
</title>
<meta http-equiv="Content-Type" content="text/html;charset=utf-8" />
  <meta name='ocr-system' content='tesseract 3.04.00' />
  <meta name='ocr-capabilities' content='ocr_page ocr_carea ocr_par ocr_line ocrx_word'/>
</head>
<body>
  <div class='ocr_page' id='page_1' title='image "./epistolaephiero00nadagoog_0075.png"; bbox 0 0 3666 5384; ppageno 0'>
   <div class='ocr_carea' id='block_1_1' title="bbox 415 495 1221 566">
    <p class='ocr_par' dir='ltr' id='par_1_1' title="bbox 415 495 1221 566">
     <span class='ocr_line' id='line_1_1' title="bbox 415 495 1221 566; baseline -0.002 -15"><span class='ocrx_word' id='word_1_1' title='bbox 415 496 453 566; x_wconf 87' lang='lat'><strong>48</strong></span> <span class='ocrx_word' id='word_1_2' title='bbox 842 495 876 552; x_wconf 87' lang='grc' dir='ltr'><strong>Ρ.</strong></span> <span class='ocrx_word' id='word_1_3' title='bbox 896 495 1038 551; x_wconf 64' lang='lat' dir='ltr'><strong>Nereus</strong></span> <span class='ocrx_word' id='word_1_4' title='bbox 1057 495 1221 550; x_wconf 54' lang='lat' dir='ltr'><strong>Manum.</strong></span> 
     </span>
    </p>
   </div>
   <div class='ocr_carea' id='block_1_2' title="bbox 416 645 1647 851">
    <p class='ocr_par' dir='ltr' id='par_1_2' title="bbox 416 645 1647 851">
     <span class='ocr_line' id='line_1_2' title="bbox 484 645 1647 736; baseline -0.002 -20"><span class='ocrx_word' id='word_1_5' title='bbox 484 649 624 736; x_wconf 85' lang='lat' dir='ltr'><strong>Agebat</strong></span> <span class='ocrx_word' id='word_1_6' title='bbox 640 647 754 715; x_wconf 89' lang='lat' dir='ltr'><strong>omnia</strong></span> <span class='ocrx_word' id='word_1_7' title='bbox 772 650 810 714; x_wconf 89' lang='lat' dir='ltr'><strong>P.</strong></span> <span class='ocrx_word' id='word_1_8' title='bbox 830 649 858 713; x_wconf 94' lang='lat' dir='ltr'>F</span> <span class='ocrx_word' id='word_1_9' title='bbox 860 645 1035 714; x_wconf 89' lang='lat' dir='ltr'><strong>ranciscus</strong></span> <span class='ocrx_word' id='word_1_10' title='bbox 1050 648 1106 714; x_wconf 90' lang='lat' dir='ltr'><strong>vel</strong></span> <span class='ocrx_word' id='word_1_11' title='bbox 1122 667 1182 732; x_wconf 90' lang='lat' dir='ltr'><strong>per</strong></span> <span class='ocrx_word' id='word_1_12' title='bbox 1198 647 1395 726; x_wconf 88' lang='lat' dir='ltr'><strong>Herreram,</strong></span> <span class='ocrx_word' id='word_1_13' title='bbox 1413 647 1469 715; x_wconf 87' lang='lat' dir='ltr'><strong>vel</strong></span> <span class='ocrx_word' id='word_1_14' title='bbox 1489 669 1549 734; x_wconf 92' lang='lat' dir='ltr'><strong>per</strong></span> <span class='ocrx_word' id='word_1_15' title='bbox 1559 647 1647 715; x_wconf 85' lang='lat' dir='ltr'><strong>Dio·</strong></span> 
     </span>
     <span class='ocr_line' id='line_1_3' title="bbox 416 762 1596 851; baseline -0.003 -20"><span class='ocrx_word' id='word_1_16' title='bbox 416 764 569 851; x_wconf 89' lang='lat' dir='ltr'><strong>nysium,</strong></span> <span class='ocrx_word' id='word_1_17' title='bbox 584 764 677 849; x_wconf 91' lang='lat' dir='ltr'><strong>quod</strong></span> <span class='ocrx_word' id='word_1_18' title='bbox 692 763 819 830; x_wconf 90' lang='lat' dir='ltr'><strong>multos</strong></span> <span class='ocrx_word' id='word_1_19' title='bbox 834 763 1040 844; x_wconf 87' lang='lat' dir='ltr'><strong>offendebat,</strong></span> <span class='ocrx_word' id='word_1_20' title='bbox 1058 762 1256 848; x_wconf 87' lang='lat' dir='ltr'><strong>praesertim</strong></span> <span class='ocrx_word' id='word_1_21' title='bbox 1272 773 1310 828; x_wconf 92' lang='lat' dir='ltr'><strong>vt</strong></span> <span class='ocrx_word' id='word_1_22' title='bbox 1326 785 1386 848; x_wconf 91' lang='lat' dir='ltr'><strong>per</strong></span> <span class='ocrx_word' id='word_1_23' title='bbox 1402 764 1596 831; x_wconf 85' lang='lat' dir='ltr'><strong>Herreram.</strong></span> 
     </span>
    </p>
   </div>
   <div class='ocr_carea' id='block_1_3' title="bbox 926 940 1140 1032">
    <p class='ocr_par' dir='ltr' id='par_1_3' title="bbox 926 940 1140 1032">
     <span class='ocr_line' id='line_1_4' title="bbox 926 940 1140 1032; baseline -0.005 -22"><span class='ocrx_word' id='word_1_24' title='bbox 926 940 1140 1032; x_wconf 69' lang='lat' dir='ltr'><strong>[Srunncm-:l</strong></span> 
     </span>
    </p>
   </div>
   <div class='ocr_carea' id='block_1_4' title="bbox 391 1109 1645 4202">
    <p class='ocr_par' dir='ltr' id='par_1_4' title="bbox 413 1109 1642 1412">
     <span class='ocr_line' id='line_1_5' title="bbox 483 1109 1642 1199; baseline -0.001 -19"><span class='ocrx_word' id='word_1_25' title='bbox 483 1111 676 1199; x_wconf 88' lang='lat' dir='ltr'><strong>Aegrotaui</strong></span> <span class='ocrx_word' id='word_1_26' title='bbox 693 1111 807 1178; x_wconf 89' lang='lat' dir='ltr'><strong>triduo</strong></span> <span class='ocrx_word' id='word_1_27' title='bbox 822 1122 881 1179; x_wconf 91' lang='lat' dir='ltr'><strong>aut</strong></span> <span class='ocrx_word' id='word_1_28' title='bbox 905 1111 1089 1196; x_wconf 87' lang='lat' dir='ltr'>quatriduo</span> <span class='ocrx_word' id='word_1_29' title='bbox 1111 1109 1302 1190; x_wconf 89' lang='lat' dir='ltr'><strong>Simancae,</strong></span> <span class='ocrx_word' id='word_1_30' title='bbox 1321 1121 1356 1178; x_wconf 90' lang='lat' dir='ltr'><strong>et</strong></span> <span class='ocrx_word' id='word_1_31' title='bbox 1376 1110 1484 1196; x_wconf 90' lang='lat' dir='ltr'><strong>primo</strong></span> <span class='ocrx_word' id='word_1_32' title='bbox 1503 1112 1642 1197; x_wconf 90' lang='lat' dir='ltr'><strong>quidem</strong></span> 
     </span>
     <span class='ocr_line' id='line_1_6' title="bbox 413 1227 1641 1315; baseline -0.001 -20"><span class='ocrx_word' id='word_1_33' title='bbox 413 1228 469 1298; x_wconf 90' lang='lat' dir='ltr'><strong>die</strong></span> <span class='ocrx_word' id='word_1_34' title='bbox 485 1227 651 1315; x_wconf 87' lang='lat' dir='ltr'><strong>grauiter,</strong></span> <span class='ocrx_word' id='word_1_35' title='bbox 670 1238 737 1294; x_wconf 89' lang='lat' dir='ltr'><strong>etc.</strong></span> <span class='ocrx_word' id='word_1_36' title='bbox 757 1227 886 1314; x_wconf 80' lang='lat' dir='ltr'>Scripsi</span> <span class='ocrx_word' id='word_1_37' title='bbox 902 1229 946 1293; x_wconf 89' lang='lat' dir='ltr'><strong>ad</strong></span> <span class='ocrx_word' id='word_1_38' title='bbox 962 1227 1137 1294; x_wconf 83' lang='lat' dir='ltr'><strong>sacristam</strong></span> <span class='ocrx_word' id='word_1_39' title='bbox 1159 1229 1429 1294; x_wconf 88' lang='lat' dir='ltr'><strong>Montannanum</strong></span> <span class='ocrx_word' id='word_1_40' title='bbox 1455 1229 1462 1259; x_wconf 92' lang='lat'><strong>¹</strong></span> <span class='ocrx_word' id='word_1_41' title='bbox 1484 1229 1641 1294; x_wconf 87' lang='lat' dir='ltr'><strong>consola-</strong></span> 
     </span>
     <span class='ocr_line' id='line_1_7' title="bbox 416 1341 971 1412; baseline -0.004 -2"><span class='ocrx_word' id='word_1_42' title='bbox 416 1344 520 1411; x_wconf 89' lang='lat' dir='ltr'><strong>torias</strong></span> <span class='ocrx_word' id='word_1_43' title='bbox 535 1344 580 1412; x_wconf 91' lang='lat' dir='ltr'><strong>de</strong></span> <span class='ocrx_word' id='word_1_44' title='bbox 596 1353 704 1410; x_wconf 89' lang='lat' dir='ltr'><strong>morte</strong></span> <span class='ocrx_word' id='word_1_45' title='bbox 720 1342 834 1409; x_wconf 87' lang='lat' dir='ltr'><strong>iacobi</strong></span> <span class='ocrx_word' id='word_1_46' title='bbox 846 1341 971 1410; x_wconf 78' lang='lat' dir='ltr'><strong>fratris</strong></span> 
     </span>
    </p>

    <p class='ocr_par' dir='ltr' id='par_1_5' title="bbox 411 1456 1645 1776">
     <span class='ocr_line' id='line_1_8' title="bbox 478 1456 1642 1547; baseline 0.001 -21"><span class='ocrx_word' id='word_1_47' title='bbox 478 1460 555 1526; x_wconf 92' lang='lat' dir='ltr'><strong>luui</strong></span> <span class='ocrx_word' id='word_1_48' title='bbox 571 1461 612 1527; x_wconf 95' lang='grc' dir='ltr'><strong>Ρ.</strong></span> <span class='ocrx_word' id='word_1_49' title='bbox 632 1458 852 1526; x_wconf 85' lang='lat' dir='ltr'><strong>Franciscum</strong></span> <span class='ocrx_word' id='word_1_50' title='bbox 869 1459 904 1523; x_wconf 92' lang='lat' dir='ltr'><strong>in</strong></span> <span class='ocrx_word' id='word_1_51' title='bbox 923 1457 930 1547; x_wconf 88' lang='grc' dir='ltr'>Ι</span> <span class='ocrx_word' id='word_1_52' title='bbox 949 1456 1089 1544; x_wconf 89' lang='lat' dir='ltr'><strong>negotio</strong></span> <span class='ocrx_word' id='word_1_53' title='bbox 1105 1457 1239 1544; x_wconf 88' lang='lat' dir='ltr'><strong>collegij</strong></span> <span class='ocrx_word' id='word_1_54' title='bbox 1258 1457 1385 1525; x_wconf 91' lang='lat' dir='ltr'><strong>Montis</strong></span> <span class='ocrx_word' id='word_1_55' title='bbox 1398 1456 1510 1544; x_wconf 90' lang='lat' dir='ltr'><strong>Regij.</strong></span> <span class='ocrx_word' id='word_1_56' title='bbox 1523 1459 1642 1545; x_wconf 83' lang='lat' dir='ltr'><strong>Aegre</strong></span> 
     </span>
     <span class='ocr_line' id='line_1_9' title="bbox 411 1572 1645 1659; baseline -0.001 -17"><span class='ocrx_word' id='word_1_57' title='bbox 411 1575 489 1642; x_wconf 90' lang='lat' dir='ltr'><strong>tulit</strong></span> <span class='ocrx_word' id='word_1_58' title='bbox 505 1575 596 1644; x_wconf 90' lang='lat' dir='ltr'><strong>idem</strong></span> <span class='ocrx_word' id='word_1_59' title='bbox 614 1575 716 1641; x_wconf 90' lang='lat' dir='ltr'><strong>Pater</strong></span> <span class='ocrx_word' id='word_1_60' title='bbox 732 1575 824 1659; x_wconf 92' lang='lat' dir='ltr'><strong>quod</strong></span> <span class='ocrx_word' id='word_1_61' title='bbox 840 1573 988 1642; x_wconf 87' lang='lat' dir='ltr'><strong>dicerem</strong></span> <span class='ocrx_word' id='word_1_62' title='bbox 1005 1595 1058 1653; x_wconf 91' lang='lat' dir='ltr'><strong>ea,</strong></span> <span class='ocrx_word' id='word_1_63' title='bbox 1076 1593 1166 1657; x_wconf 89' lang='lat' dir='ltr'><strong>quae</strong></span> <span class='ocrx_word' id='word_1_64' title='bbox 1182 1573 1255 1659; x_wconf 89' lang='lat' dir='ltr'><strong>ipse</strong></span> <span class='ocrx_word' id='word_1_65' title='bbox 1271 1572 1407 1640; x_wconf 82' lang='lat' dir='ltr'><strong>fecisset</strong></span> <span class='ocrx_word' id='word_1_66' title='bbox 1419 1572 1453 1639; x_wconf 90' lang='lat' dir='ltr'><strong>in</strong></span> <span class='ocrx_word' id='word_1_67' title='bbox 1468 1573 1645 1641; x_wconf 83' lang='lat' dir='ltr'><strong>fundatio-</strong></span> 
     </span>
     <span class='ocr_line' id='line_1_10' title="bbox 411 1687 1359 1776; baseline -0.003 -19"><span class='ocrx_word' id='word_1_68' title='bbox 411 1691 515 1758; x_wconf 89' lang='lat' dir='ltr'><strong>nibus</strong></span> <span class='ocrx_word' id='word_1_69' title='bbox 527 1688 764 1776; x_wconf 88' lang='lat' dir='ltr'><strong>collegiorum,</strong></span> <span class='ocrx_word' id='word_1_70' title='bbox 782 1699 923 1776; x_wconf 88' lang='lat' dir='ltr'><strong>possent</strong></span> <span class='ocrx_word' id='word_1_71' title='bbox 938 1687 1101 1755; x_wconf 89' lang='lat' dir='ltr'><strong>infirmari</strong></span> <span class='ocrx_word' id='word_1_72' title='bbox 1116 1711 1137 1755; x_wconf 89' lang='lat' dir='ltr'><strong>a</strong></span> <span class='ocrx_word' id='word_1_73' title='bbox 1154 1691 1194 1755; x_wconf 91' lang='lat' dir='ltr'><strong>P.</strong></span> <span class='ocrx_word' id='word_1_74' title='bbox 1212 1687 1359 1775; x_wconf 87' lang='lat' dir='ltr'><strong>Ignatio.</strong></span> 
     </span>
    </p>

    <p class='ocr_par' dir='ltr' id='par_1_6' title="bbox 407 1802 1638 2126">
     <span class='ocr_line' id='line_1_11' title="bbox 477 1802 1638 1891; baseline -0.003 -18"><span class='ocrx_word' id='word_1_75' title='bbox 477 1805 579 1873; x_wconf 90' lang='lat' dir='ltr'><strong>Volui</strong></span> <span class='ocrx_word' id='word_1_76' title='bbox 614 1806 626 1838; x_wconf 86' lang='lat'><strong>¹</strong></span> <span class='ocrx_word' id='word_1_77' title='bbox 660 1807 700 1871; x_wconf 90' lang='lat' dir='ltr'><strong>P.</strong></span> <span class='ocrx_word' id='word_1_78' title='bbox 735 1802 919 1871; x_wconf 90' lang='lat' dir='ltr'><strong>Francisco</strong></span> <span class='ocrx_word' id='word_1_79' title='bbox 945 1825 1022 1872; x_wconf 90' lang='lat' dir='ltr'><strong>esse</strong></span> <span class='ocrx_word' id='word_1_80' title='bbox 1053 1803 1166 1871; x_wconf 89' lang='lat' dir='ltr'><strong>socius</strong></span> <span class='ocrx_word' id='word_1_81' title='bbox 1193 1825 1271 1870; x_wconf 87' lang='lat' dir='ltr'><strong>cum</strong></span> <span class='ocrx_word' id='word_1_82' title='bbox 1299 1803 1364 1872; x_wconf 91' lang='lat' dir='ltr'><strong>iret</strong></span> <span class='ocrx_word' id='word_1_83' title='bbox 1387 1804 1430 1871; x_wconf 91' lang='lat' dir='ltr'><strong>ad</strong></span> <span class='ocrx_word' id='word_1_84' title='bbox 1461 1804 1638 1891; x_wconf 90' lang='lat' dir='ltr'><strong>palatium:</strong></span> 
     </span>
     <span class='ocr_line' id='line_1_12' title="bbox 407 1917 1634 2008; baseline -0.001 -20"><span class='ocrx_word' id='word_1_85' title='bbox 407 1932 541 1988; x_wconf 88' lang='lat' dir='ltr'><strong>tantum</strong></span> <span class='ocrx_word' id='word_1_86' title='bbox 568 1920 673 1988; x_wconf 88' lang='lat' dir='ltr'><strong>semel</strong></span> <span class='ocrx_word' id='word_1_87' title='bbox 696 1919 775 1988; x_wconf 90' lang='lat' dir='ltr'><strong>veni</strong></span> <span class='ocrx_word' id='word_1_88' title='bbox 803 1940 881 1986; x_wconf 91' lang='lat' dir='ltr'><strong>cum</strong></span> <span class='ocrx_word' id='word_1_89' title='bbox 902 1917 988 2008; x_wconf 89' lang='lat' dir='ltr'><strong>ipso,</strong></span> <span class='ocrx_word' id='word_1_90' title='bbox 1011 1930 1049 1986; x_wconf 91' lang='lat' dir='ltr'><strong>vt</strong></span> <span class='ocrx_word' id='word_1_91' title='bbox 1069 1918 1219 1987; x_wconf 91' lang='lat' dir='ltr'><strong>viderem</strong></span> <span class='ocrx_word' id='word_1_92' title='bbox 1247 1918 1433 2006; x_wconf 86' lang='lat' dir='ltr'><strong>principem</strong></span> <span class='ocrx_word' id='word_1_93' title='bbox 1461 1920 1634 1987; x_wconf 75' lang='lat' dir='ltr'><strong>Carolum.</strong></span> 
     </span>
     <span class='ocr_line' id='line_1_13' title="bbox 413 2031 813 2126; baseline 0.005 -28"><span class='ocrx_word' id='word_1_94' title='bbox 413 2037 540 2104; x_wconf 72' lang='lat' dir='ltr'><strong>«Bahal</strong></span> <span class='ocrx_word' id='word_1_95' title='bbox 556 2036 675 2103; x_wconf 73' lang='lat' dir='ltr'><strong>bahali</strong></span> <span class='ocrx_word' id='word_1_96' title='bbox 695 2031 732 2126; x_wconf 80' lang='lat' dir='ltr'><strong>[i]</strong></span> <span class='ocrx_word' id='word_1_97' title='bbox 748 2045 813 2101; x_wconf 93' lang='lat' dir='ltr'><strong>etc.</strong></span> 
     </span>
    </p>

    <p class='ocr_par' dir='ltr' id='par_1_7' title="bbox 398 2150 1642 3392">
     <span class='ocr_line' id='line_1_14' title="bbox 474 2150 1638 2238; baseline -0.003 -18"><span class='ocrx_word' id='word_1_98' title='bbox 474 2151 596 2220; x_wconf 89' lang='lat' dir='ltr'><strong>Obtuli</strong></span> <span class='ocrx_word' id='word_1_99' title='bbox 611 2173 665 2218; x_wconf 89' lang='lat' dir='ltr'><strong>me</strong></span> <span class='ocrx_word' id='word_1_100' title='bbox 681 2172 822 2217; x_wconf 90' lang='lat' dir='ltr'><strong>eausam</strong></span> <span class='ocrx_word' id='word_1_101' title='bbox 840 2152 887 2218; x_wconf 92' lang='lat' dir='ltr'><strong>M.</strong></span> <span class='ocrx_word' id='word_1_102' title='bbox 908 2150 1101 2218; x_wconf 74' lang='lat' dir='ltr'><strong>Mentesani</strong></span> <span class='ocrx_word' id='word_1_103' title='bbox 1116 2150 1313 2217; x_wconf 88' lang='lat' dir='ltr'><strong>adiuturum</strong></span> <span class='ocrx_word' id='word_1_104' title='bbox 1330 2153 1468 2220; x_wconf 90' lang='lat' dir='ltr'><strong>Romae.</strong></span> <span class='ocrx_word' id='word_1_105' title='bbox 1487 2151 1638 2238; x_wconf 89' lang='lat' dir='ltr'><strong>Compa-</strong></span> 
     </span>
     <span class='ocr_line' id='line_1_15' title="bbox 406 2265 1639 2354; baseline 0 -20"><span class='ocrx_word' id='word_1_106' title='bbox 406 2270 523 2335; x_wconf 89' lang='lat' dir='ltr'><strong>rabam</strong></span> <span class='ocrx_word' id='word_1_107' title='bbox 535 2266 663 2335; x_wconf 88' lang='lat' dir='ltr'><strong>meiam</strong></span> <span class='ocrx_word' id='word_1_108' title='bbox 676 2267 719 2334; x_wconf 90' lang='lat' dir='ltr'><strong>ad</strong></span> <span class='ocrx_word' id='word_1_109' title='bbox 729 2265 805 2346; x_wconf 88' lang='lat' dir='ltr'><strong>iter,</strong></span> <span class='ocrx_word' id='word_1_110' title='bbox 821 2288 926 2354; x_wconf 93' lang='lat' dir='ltr'><strong>quum</strong></span> <span class='ocrx_word' id='word_1_111' title='bbox 939 2267 982 2333; x_wconf 80' lang='lat' dir='ltr'><strong>ex</strong></span> <span class='ocrx_word' id='word_1_112' title='bbox 997 2266 1104 2336; x_wconf 89' lang='lat' dir='ltr'><strong>literis</strong></span> <span class='ocrx_word' id='word_1_113' title='bbox 1118 2269 1158 2332; x_wconf 91' lang='lat' dir='ltr'><strong>P.</strong></span> <span class='ocrx_word' id='word_1_114' title='bbox 1173 2265 1410 2352; x_wconf 88' lang='lat' dir='ltr'><strong>Ribadaneyra</strong></span> <span class='ocrx_word' id='word_1_115' title='bbox 1422 2289 1465 2334; x_wconf 88' lang='lat' dir='ltr'><strong>ex</strong></span> <span class='ocrx_word' id='word_1_116' title='bbox 1476 2268 1503 2333; x_wconf 93' lang='lat' dir='ltr'>F</span> <span class='ocrx_word' id='word_1_117' title='bbox 1505 2267 1639 2334; x_wconf 88' lang='lat' dir='ltr'><strong>landria</strong></span> 
     </span>
     <span class='ocr_line' id='line_1_16' title="bbox 404 2381 1635 2470; baseline 0 -20"><span class='ocrx_word' id='word_1_118' title='bbox 404 2383 572 2452; x_wconf 86' lang='lat' dir='ltr'><strong>intellexit</strong></span> <span class='ocrx_word' id='word_1_119' title='bbox 590 2385 628 2448; x_wconf 92' lang='lat' dir='ltr'><strong>P.</strong></span> <span class='ocrx_word' id='word_1_120' title='bbox 648 2384 676 2448; x_wconf 94' lang='lat' dir='ltr'>F</span> <span class='ocrx_word' id='word_1_121' title='bbox 678 2381 853 2448; x_wconf 86' lang='lat' dir='ltr'><strong>ranciscus</strong></span> <span class='ocrx_word' id='word_1_122' title='bbox 869 2382 912 2447; x_wconf 92' lang='lat' dir='ltr'><strong>ad</strong></span> <span class='ocrx_word' id='word_1_123' title='bbox 924 2381 1099 2450; x_wconf 89' lang='lat' dir='ltr'><strong>meliorem</strong></span> <span class='ocrx_word' id='word_1_124' title='bbox 1115 2381 1220 2447; x_wconf 85' lang='lat' dir='ltr'><strong>vitam</strong></span> <span class='ocrx_word' id='word_1_125' title='bbox 1234 2381 1395 2450; x_wconf 86' lang='lat' dir='ltr'><strong>transisse</strong></span> <span class='ocrx_word' id='word_1_126' title='bbox 1406 2382 1465 2450; x_wconf 71' lang='lat'><strong>88</strong></span> <span class='ocrx_word' id='word_1_127' title='bbox 1477 2385 1517 2450; x_wconf 92' lang='grc' dir='ltr'><strong>Ρ.</strong></span> <span class='ocrx_word' id='word_1_128' title='bbox 1532 2383 1635 2470; x_wconf 86' lang='lat' dir='ltr'><strong>Igna-</strong></span> 
     </span>
     <span class='ocr_line' id='line_1_17' title="bbox 405 2496 1642 2585; baseline 0.001 -21"><span class='ocrx_word' id='word_1_129' title='bbox 405 2499 490 2565; x_wconf 89' lang='lat' dir='ltr'><strong>tium</strong></span> <span class='ocrx_word' id='word_1_130' title='bbox 510 2497 618 2585; x_wconf 92' lang='lat' dir='ltr'><strong>pridie</strong></span> <span class='ocrx_word' id='word_1_131' title='bbox 639 2498 801 2565; x_wconf 85' lang='lat' dir='ltr'><strong>kalendas</strong></span> <span class='ocrx_word' id='word_1_132' title='bbox 822 2497 989 2583; x_wconf 88' lang='lat' dir='ltr'><strong>Augusti:</strong></span> <span class='ocrx_word' id='word_1_133' title='bbox 1013 2496 1096 2563; x_wconf 93' lang='lat' dir='ltr'><strong>nihil</strong></span> <span class='ocrx_word' id='word_1_134' title='bbox 1117 2497 1223 2564; x_wconf 89' lang='lat' dir='ltr'><strong>aliud.</strong></span> <span class='ocrx_word' id='word_1_135' title='bbox 1247 2496 1311 2563; x_wconf 92' lang='lat' dir='ltr'><strong>Fui</strong></span> <span class='ocrx_word' id='word_1_136' title='bbox 1327 2499 1504 2583; x_wconf 91' lang='lat' dir='ltr'><strong>perculsus</strong></span> <span class='ocrx_word' id='word_1_137' title='bbox 1521 2497 1642 2565; x_wconf 87' lang='lat' dir='ltr'><strong>animo</strong></span> 
     </span>
     <span class='ocr_line' id='line_1_18' title="bbox 404 2612 1634 2702; baseline 0 -22"><span class='ocrx_word' id='word_1_138' title='bbox 404 2614 563 2702; x_wconf 90' lang='lat' dir='ltr'><strong>primum,</strong></span> <span class='ocrx_word' id='word_1_139' title='bbox 586 2615 648 2682; x_wconf 90' lang='lat' dir='ltr'><strong>sed</strong></span> <span class='ocrx_word' id='word_1_140' title='bbox 674 2612 789 2680; x_wconf 87' lang='lat' dir='ltr'><strong>statim</strong></span> <span class='ocrx_word' id='word_1_141' title='bbox 817 2615 907 2680; x_wconf 91' lang='lat' dir='ltr'><strong>bene</strong></span> <span class='ocrx_word' id='word_1_142' title='bbox 932 2613 1080 2699; x_wconf 90' lang='lat' dir='ltr'><strong>speraui,</strong></span> <span class='ocrx_word' id='word_1_143' title='bbox 1104 2612 1196 2699; x_wconf 91' lang='lat' dir='ltr'><strong>quod</strong></span> <span class='ocrx_word' id='word_1_144' title='bbox 1224 2613 1293 2680; x_wconf 86' lang='lat' dir='ltr'><strong>fere</strong></span> <span class='ocrx_word' id='word_1_145' title='bbox 1320 2613 1445 2680; x_wconf 90' lang='lat' dir='ltr'><strong>nostris</strong></span> <span class='ocrx_word' id='word_1_146' title='bbox 1472 2613 1634 2701; x_wconf 89' lang='lat' dir='ltr'><strong>contigit.</strong></span> 
     </span>
     <span class='ocr_line' id='line_1_19' title="bbox 403 2726 1634 2814; baseline 0 -16"><span class='ocrx_word' id='word_1_147' title='bbox 403 2729 605 2799; x_wconf 85' lang='lat' dir='ltr'><strong>Existimaui</strong></span> <span class='ocrx_word' id='word_1_148' title='bbox 620 2752 676 2798; x_wconf 91' lang='lat' dir='ltr'><strong>me</strong></span> <span class='ocrx_word' id='word_1_149' title='bbox 694 2749 771 2798; x_wconf 86' lang='lat' dir='ltr'><strong>esse</strong></span> <span class='ocrx_word' id='word_1_150' title='bbox 791 2727 967 2795; x_wconf 87' lang='lat' dir='ltr'><strong>vicarium:</strong></span> <span class='ocrx_word' id='word_1_151' title='bbox 991 2727 1228 2796; x_wconf 89' lang='lat' dir='ltr'><strong>existimarunt</strong></span> <span class='ocrx_word' id='word_1_152' title='bbox 1250 2726 1341 2796; x_wconf 91' lang='lat' dir='ltr'><strong>idem</strong></span> <span class='ocrx_word' id='word_1_153' title='bbox 1361 2729 1416 2814; x_wconf 89' lang='lat' dir='ltr'><strong>alij</strong></span> <span class='ocrx_word' id='word_1_154' title='bbox 1440 2733 1570 2810; x_wconf 78' lang='lat' dir='ltr'><strong>PatreS,</strong></span> <span class='ocrx_word' id='word_1_155' title='bbox 1588 2751 1634 2798; x_wconf 83' lang='lat' dir='ltr'><strong>ex</strong></span> 
     </span>
     <span class='ocr_line' id='line_1_20' title="bbox 401 2843 1632 2932; baseline -0.002 -17"><span class='ocrx_word' id='word_1_156' title='bbox 401 2867 519 2916; x_wconf 90' lang='lat' dir='ltr'><strong>eorum</strong></span> <span class='ocrx_word' id='word_1_157' title='bbox 537 2845 665 2932; x_wconf 90' lang='lat' dir='ltr'><strong>(aderat</strong></span> <span class='ocrx_word' id='word_1_158' title='bbox 687 2844 779 2912; x_wconf 88' lang='lat' dir='ltr'><strong>enirn</strong></span> <span class='ocrx_word' id='word_1_159' title='bbox 803 2845 844 2910; x_wconf 91' lang='lat' dir='ltr'><strong>P.</strong></span> <span class='ocrx_word' id='word_1_160' title='bbox 870 2845 898 2909; x_wconf 94' lang='lat' dir='ltr'>F</span> <span class='ocrx_word' id='word_1_161' title='bbox 900 2843 1086 2924; x_wconf 81' lang='lat' dir='ltr'><strong>ranciscus,</strong></span> <span class='ocrx_word' id='word_1_162' title='bbox 1112 2844 1238 2924; x_wconf 91' lang='lat' dir='ltr'><strong>Araoz,</strong></span> <span class='ocrx_word' id='word_1_163' title='bbox 1264 2845 1398 2924; x_wconf 89' lang='lat' dir='ltr'><strong>Strada,</strong></span> <span class='ocrx_word' id='word_1_164' title='bbox 1424 2848 1632 2912; x_wconf 89' lang='lat' dir='ltr'><strong>Bustaman-</strong></span> 
     </span>
     <span class='ocr_line' id='line_1_21' title="bbox 401 2958 1634 3046; baseline 0.002 -18"><span class='ocrx_word' id='word_1_165' title='bbox 401 2961 481 3041; x_wconf 73' lang='lat' dir='ltr'><strong>tiuS,</strong></span> <span class='ocrx_word' id='word_1_166' title='bbox 506 2980 525 3044; x_wconf 85' lang='lat'>3</span> <span class='ocrx_word' id='word_1_167' title='bbox 543 2958 771 3046; x_wconf 90' lang='lat' dir='ltr'><strong>prouinciales</strong></span> <span class='ocrx_word' id='word_1_168' title='bbox 791 2970 827 3029; x_wconf 92' lang='lat' dir='ltr'><strong>et</strong></span> <span class='ocrx_word' id='word_1_169' title='bbox 846 2958 1108 3046; x_wconf 86' lang='lat' dir='ltr'><strong>commissarius)</strong></span> <span class='ocrx_word' id='word_1_170' title='bbox 1130 2958 1271 3026; x_wconf 92' lang='lat' dir='ltr'><strong>consilio</strong></span> <span class='ocrx_word' id='word_1_171' title='bbox 1292 2959 1411 3046; x_wconf 90' lang='lat' dir='ltr'><strong>scripsi</strong></span> <span class='ocrx_word' id='word_1_172' title='bbox 1438 2962 1482 3027; x_wconf 90' lang='lat' dir='ltr'><strong>ad</strong></span> <span class='ocrx_word' id='word_1_173' title='bbox 1509 2962 1634 3030; x_wconf 84' lang='lat' dir='ltr'><strong>Patres</strong></span> 
     </span>
     <span class='ocr_line' id='line_1_22' title="bbox 399 3059 1630 3161; baseline 0 -19"><span class='ocrx_word' id='word_1_174' title='bbox 399 3059 567 3143; x_wconf 88' lang='lat' dir='ltr'><strong>lusitanos</strong></span> <span class='ocrx_word' id='word_1_175' title='bbox 580 3085 617 3140; x_wconf 91' lang='lat' dir='ltr'><strong>vt</strong></span> <span class='ocrx_word' id='word_1_176' title='bbox 629 3097 666 3143; x_wconf 87' lang='lat' dir='ltr'><strong>se</strong></span> <span class='ocrx_word' id='word_1_177' title='bbox 677 3083 836 3161; x_wconf 88' lang='lat' dir='ltr'><strong>pararent</strong></span> <span class='ocrx_word' id='word_1_178' title='bbox 852 3077 895 3141; x_wconf 91' lang='lat' dir='ltr'><strong>ad</strong></span> <span class='ocrx_word' id='word_1_179' title='bbox 909 3073 974 3142; x_wconf 89' lang='lat' dir='ltr'><strong>iter</strong></span> <span class='ocrx_word' id='word_1_180' title='bbox 990 3095 1179 3142; x_wconf 91' lang='lat' dir='ltr'><strong>romanum.</strong></span> <span class='ocrx_word' id='word_1_181' title='bbox 1202 3077 1242 3141; x_wconf 93' lang='lat' dir='ltr'><strong>P.</strong></span> <span class='ocrx_word' id='word_1_182' title='bbox 1258 3075 1471 3156; x_wconf 78' lang='lat' dir='ltr'><strong>FranciscuS,</strong></span> <span class='ocrx_word' id='word_1_183' title='bbox 1490 3097 1534 3144; x_wconf 86' lang='lat' dir='ltr'><strong>ex</strong></span> <span class='ocrx_word' id='word_1_184' title='bbox 1545 3097 1630 3143; x_wconf 91' lang='lat' dir='ltr'><strong>con-</strong></span> 
     </span>
     <span class='ocr_line' id='line_1_23' title="bbox 398 3188 1632 3276; baseline 0.001 -18"><span class='ocrx_word' id='word_1_185' title='bbox 398 3191 474 3258; x_wconf 92' lang='lat' dir='ltr'><strong>silio</strong></span> <span class='ocrx_word' id='word_1_186' title='bbox 490 3189 711 3270; x_wconf 91' lang='lat' dir='ltr'><strong>medicorum,</strong></span> <span class='ocrx_word' id='word_1_187' title='bbox 726 3189 812 3257; x_wconf 82' lang='lat' dir='ltr'><strong>dixit</strong></span> <span class='ocrx_word' id='word_1_188' title='bbox 823 3211 861 3258; x_wconf 90' lang='lat' dir='ltr'><strong>se</strong></span> <span class='ocrx_word' id='word_1_189' title='bbox 873 3211 942 3256; x_wconf 92' lang='lat' dir='ltr'><strong>non</strong></span> <span class='ocrx_word' id='word_1_190' title='bbox 958 3211 1058 3276; x_wconf 88' lang='lat' dir='ltr'><strong>posse</strong></span> <span class='ocrx_word' id='word_1_191' title='bbox 1074 3188 1136 3258; x_wconf 88' lang='lat' dir='ltr'><strong>ire:</strong></span> <span class='ocrx_word' id='word_1_192' title='bbox 1154 3188 1245 3259; x_wconf 93' lang='lat' dir='ltr'><strong>idem</strong></span> <span class='ocrx_word' id='word_1_193' title='bbox 1258 3192 1382 3258; x_wconf 88' lang='lat' dir='ltr'><strong>Araoz:</strong></span> <span class='ocrx_word' id='word_1_194' title='bbox 1397 3191 1521 3260; x_wconf 90' lang='lat' dir='ltr'><strong>Strada</strong></span> <span class='ocrx_word' id='word_1_195' title='bbox 1532 3190 1632 3259; x_wconf 87' lang='lat' dir='ltr'><strong>vide-</strong></span> 
     </span>
     <span class='ocr_line' id='line_1_24' title="bbox 398 3304 1144 3392; baseline -0.003 -19"><span class='ocrx_word' id='word_1_196' title='bbox 398 3307 500 3373; x_wconf 92' lang='lat' dir='ltr'><strong>batur</strong></span> <span class='ocrx_word' id='word_1_197' title='bbox 516 3327 558 3374; x_wconf 92' lang='lat' dir='ltr'><strong>eo</strong></span> <span class='ocrx_word' id='word_1_198' title='bbox 573 3304 748 3386; x_wconf 82' lang='lat' dir='ltr'><strong>inclinare3</strong></span> <span class='ocrx_word' id='word_1_199' title='bbox 767 3326 831 3371; x_wconf 89' lang='lat' dir='ltr'><strong>nec</strong></span> <span class='ocrx_word' id='word_1_200' title='bbox 847 3304 1115 3371; x_wconf 89' lang='lat' dir='ltr'><strong>Bustamantius.</strong></span> <span class='ocrx_word' id='word_1_201' title='bbox 1139 3305 1144 3392; x_wconf 87' lang='grc' dir='ltr'>Ι</span> 
     </span>
    </p>

    <p class='ocr_par' dir='ltr' id='par_1_8' title="bbox 391 3419 1633 4202">
     <span class='ocr_line' id='line_1_25' title="bbox 464 3419 1633 3508; baseline 0.002 -20"><span class='ocrx_word' id='word_1_202' title='bbox 464 3419 588 3488; x_wconf 92' lang='lat' dir='ltr'><strong>Paucis</strong></span> <span class='ocrx_word' id='word_1_203' title='bbox 602 3419 726 3489; x_wconf 91' lang='lat' dir='ltr'><strong>diebus</strong></span> <span class='ocrx_word' id='word_1_204' title='bbox 743 3419 935 3506; x_wconf 89' lang='lat' dir='ltr'><strong>accepimus</strong></span> <span class='ocrx_word' id='word_1_205' title='bbox 951 3419 1067 3488; x_wconf 88' lang='lat' dir='ltr'><strong>literas</strong></span> <span class='ocrx_word' id='word_1_206' title='bbox 1082 3443 1102 3488; x_wconf 89' lang='lat' dir='ltr'><strong>a</strong></span> <span class='ocrx_word' id='word_1_207' title='bbox 1123 3422 1163 3487; x_wconf 93' lang='lat' dir='ltr'><strong>P.</strong></span> <span class='ocrx_word' id='word_1_208' title='bbox 1188 3422 1350 3501; x_wconf 89' lang='lat' dir='ltr'><strong>Polanco,</strong></span> <span class='ocrx_word' id='word_1_209' title='bbox 1373 3419 1431 3507; x_wconf 92' lang='lat' dir='ltr'><strong>qui</strong></span> <span class='ocrx_word' id='word_1_210' title='bbox 1452 3433 1633 3508; x_wconf 83' lang='lat' dir='ltr'><strong>praeterea</strong></span> 
     </span>
     <span class='ocr_line' id='line_1_26' title="bbox 397 3511 1627 3622; baseline 0.002 -20"><span class='ocrx_word' id='word_1_211' title='bbox 397 3511 772 3604; x_wconf 69' lang='lat' dir='ltr'><strong>intelleximus‘tacrum</strong></span> <span class='ocrx_word' id='word_1_212' title='bbox 788 3533 953 3602; x_wconf 89' lang='lat' dir='ltr'><strong>vicarium</strong></span> <span class='ocrx_word' id='word_1_213' title='bbox 975 3537 1015 3601; x_wconf 94' lang='lat' dir='ltr'><strong>P.</strong></span> <span class='ocrx_word' id='word_1_214' title='bbox 1038 3535 1203 3622; x_wconf 88' lang='lat' dir='ltr'><strong>Laynem,</strong></span> <span class='ocrx_word' id='word_1_215' title='bbox 1226 3538 1318 3621; x_wconf 92' lang='lat' dir='ltr'><strong>quod</strong></span> <span class='ocrx_word' id='word_1_216' title='bbox 1340 3557 1396 3603; x_wconf 91' lang='lat' dir='ltr'><strong>me</strong></span> <span class='ocrx_word' id='word_1_217' title='bbox 1418 3558 1486 3603; x_wconf 89' lang='lat' dir='ltr'><strong>non</strong></span> <span class='ocrx_word' id='word_1_218' title='bbox 1508 3540 1627 3606; x_wconf 89' lang='lat' dir='ltr'><strong>turba-</strong></span> 
     </span>
     <span class='ocr_line' id='line_1_27' title="bbox 396 3649 1628 3738; baseline 0.005 -20"><span class='ocrx_word' id='word_1_219' title='bbox 396 3651 448 3718; x_wconf 91' lang='lat' dir='ltr'><strong>uit</strong></span> <span class='ocrx_word' id='word_1_220' title='bbox 469 3653 493 3717; x_wconf 79' lang='lat'><strong>⁸.</strong></span> <span class='ocrx_word' id='word_1_221' title='bbox 524 3651 563 3717; x_wconf 91' lang='lat' dir='ltr'><strong>In</strong></span> <span class='ocrx_word' id='word_1_222' title='bbox 589 3651 717 3719; x_wconf 89' lang='lat' dir='ltr'><strong>eisdem</strong></span> <span class='ocrx_word' id='word_1_223' title='bbox 733 3649 855 3718; x_wconf 88' lang='lat' dir='ltr'><strong>litteris</strong></span> <span class='ocrx_word' id='word_1_224' title='bbox 874 3661 927 3717; x_wconf 90' lang='lat' dir='ltr'><strong>est</strong></span> <span class='ocrx_word' id='word_1_225' title='bbox 943 3649 1072 3717; x_wconf 90' lang='lat' dir='ltr'><strong>indicta</strong></span> <span class='ocrx_word' id='word_1_226' title='bbox 1087 3651 1323 3738; x_wconf 86' lang='lat' dir='ltr'><strong>congregatio,</strong></span> <span class='ocrx_word' id='word_1_227' title='bbox 1342 3673 1432 3738; x_wconf 92' lang='lat' dir='ltr'><strong>quae</strong></span> <span class='ocrx_word' id='word_1_228' title='bbox 1447 3655 1628 3724; x_wconf 88' lang='lat' dir='ltr'><strong>commode</strong></span> 
     </span>
     <span class='ocr_line' id='line_1_28' title="bbox 394 3764 1619 3855; baseline 0.002 -23"><span class='ocrx_word' id='word_1_229' title='bbox 394 3767 507 3854; x_wconf 89' lang='lat' dir='ltr'><strong>potuit</strong></span> <span class='ocrx_word' id='word_1_230' title='bbox 521 3765 608 3847; x_wconf 87' lang='lat' dir='ltr'><strong>fieri,</strong></span> <span class='ocrx_word' id='word_1_231' title='bbox 632 3787 711 3832; x_wconf 90' lang='lat' dir='ltr'><strong>nam</strong></span> <span class='ocrx_word' id='word_1_232' title='bbox 731 3775 829 3832; x_wconf 91' lang='lat' dir='ltr'><strong>erant</strong></span> <span class='ocrx_word' id='word_1_233' title='bbox 848 3764 1005 3833; x_wconf 89' lang='lat' dir='ltr'><strong>induciae</strong></span> <span class='ocrx_word' id='word_1_234' title='bbox 1026 3765 1114 3832; x_wconf 91' lang='lat' dir='ltr'><strong>inter</strong></span> <span class='ocrx_word' id='word_1_235' title='bbox 1134 3765 1331 3852; x_wconf 90' lang='lat' dir='ltr'><strong>pontificem</strong></span> <span class='ocrx_word' id='word_1_236' title='bbox 1358 3777 1393 3834; x_wconf 90' lang='lat' dir='ltr'><strong>et</strong></span> <span class='ocrx_word' id='word_1_237' title='bbox 1413 3767 1619 3855; x_wconf 91' lang='lat' dir='ltr'><strong>Philippum.</strong></span> 
     </span>
     <span class='ocr_line' id='line_1_29' title="bbox 393 3879 1624 3969; baseline 0 -20"><span class='ocrx_word' id='word_1_238' title='bbox 393 3884 536 3963; x_wconf 89' lang='lat' dir='ltr'><strong>Verum,</strong></span> <span class='ocrx_word' id='word_1_239' title='bbox 555 3890 687 3948; x_wconf 88' lang='lat' dir='ltr'><strong>mutato</strong></span> <span class='ocrx_word' id='word_1_240' title='bbox 702 3891 821 3967; x_wconf 88' lang='lat' dir='ltr'><strong>postea</strong></span> <span class='ocrx_word' id='word_1_241' title='bbox 835 3879 989 3962; x_wconf 87' lang='lat' dir='ltr'><strong>consilio,</strong></span> <span class='ocrx_word' id='word_1_242' title='bbox 1007 3879 1135 3947; x_wconf 89' lang='lat' dir='ltr'><strong>indicta</strong></span> <span class='ocrx_word' id='word_1_243' title='bbox 1151 3881 1215 3947; x_wconf 85' lang='lat' dir='ltr'><strong>tuit</strong></span> <span class='ocrx_word' id='word_1_244' title='bbox 1230 3883 1455 3969; x_wconf 87' lang='lat' dir='ltr'><strong>congregatio</strong></span> <span class='ocrx_word' id='word_1_245' title='bbox 1474 3905 1542 3951; x_wconf 92' lang='lat' dir='ltr'><strong>non</strong></span> <span class='ocrx_word' id='word_1_246' title='bbox 1562 3900 1624 3968; x_wconf 84' lang='lat'><strong>57,</strong></span> 
     </span>
     <span class='ocr_line' id='line_1_30' title="bbox 391 3994 1624 4089; baseline 0.003 -24"><span class='ocrx_word' id='word_1_247' title='bbox 391 4000 453 4067; x_wconf 88' lang='lat' dir='ltr'><strong>sed</strong></span> <span class='ocrx_word' id='word_1_248' title='bbox 473 4000 486 4033; x_wconf 78' lang='lat'><strong>⁴</strong></span> <span class='ocrx_word' id='word_1_249' title='bbox 509 3997 642 4089; x_wconf 84' lang='lat' dir='ltr'><strong>[5]8.um</strong></span> <span class='ocrx_word' id='word_1_250' title='bbox 668 4017 806 4063; x_wconf 89' lang='lat' dir='ltr'><strong>annum.</strong></span> <span class='ocrx_word' id='word_1_251' title='bbox 831 3998 948 4082; x_wconf 84' lang='lat' dir='ltr'><strong>Quum</strong></span> <span class='ocrx_word' id='word_1_252' title='bbox 971 3994 1119 4064; x_wconf 89' lang='lat' dir='ltr'><strong>viderem</strong></span> <span class='ocrx_word' id='word_1_253' title='bbox 1141 3999 1261 4066; x_wconf 89' lang='lat' dir='ltr'><strong>Patres</strong></span> <span class='ocrx_word' id='word_1_254' title='bbox 1281 3997 1357 4066; x_wconf 93' lang='lat' dir='ltr'><strong>illos</strong></span> <span class='ocrx_word' id='word_1_255' title='bbox 1373 4019 1440 4066; x_wconf 92' lang='lat' dir='ltr'><strong>non</strong></span> <span class='ocrx_word' id='word_1_256' title='bbox 1457 3999 1624 4069; x_wconf 84' lang='lat' dir='ltr'><strong>inclinare</strong></span> 
     </span>
     <span class='ocr_line' id='line_1_31' title="bbox 391 4110 1626 4202; baseline 0.005 -22"><span class='ocrx_word' id='word_1_257' title='bbox 391 4114 437 4180; x_wconf 91' lang='lat' dir='ltr'><strong>ad</strong></span> <span class='ocrx_word' id='word_1_258' title='bbox 451 4113 771 4202; x_wconf 87' lang='lat' dir='ltr'><strong>congregationem,</strong></span> <span class='ocrx_word' id='word_1_259' title='bbox 789 4132 864 4181; x_wconf 75' lang='lat' dir='ltr'><strong>esse</strong></span> <span class='ocrx_word' id='word_1_260' title='bbox 879 4110 981 4179; x_wconf 88' lang='lat' dir='ltr'><strong>etiam</strong></span> <span class='ocrx_word' id='word_1_261' title='bbox 998 4112 1088 4178; x_wconf 90' lang='lat' dir='ltr'><strong>illam</strong></span> <span class='ocrx_word' id='word_1_262' title='bbox 1100 4113 1252 4194; x_wconf 90' lang='lat' dir='ltr'><strong>dilatam,</strong></span> <span class='ocrx_word' id='word_1_263' title='bbox 1271 4115 1392 4202; x_wconf 87' lang='lat' dir='ltr'><strong>rogaui</strong></span> <span class='ocrx_word' id='word_1_264' title='bbox 1404 4115 1487 4200; x_wconf 91' lang='lat' dir='ltr'><strong>quid</strong></span> <span class='ocrx_word' id='word_1_265' title='bbox 1498 4137 1626 4186; x_wconf 85' lang='lat' dir='ltr'><strong>cense-</strong></span> 
     </span>
    </p>
   </div>
   <div class='ocr_carea' id='block_1_5' title="bbox 388 4353 1627 4778">
    <p class='ocr_par' dir='ltr' id='par_1_9' title="bbox 388 4353 1627 4500">
     <span class='ocr_line' id='line_1_32' title="bbox 444 4353 1627 4430; baseline 0.003 -20"><span class='ocrx_word' id='word_1_266' title='bbox 444 4357 453 4390; x_wconf 84' lang='lat'>¹</span> <span class='ocrx_word' id='word_1_267' title='bbox 491 4353 630 4410; x_wconf 84' lang='lat' dir='ltr'><strong>Nicolaus</strong></span> <span class='ocrx_word' id='word_1_268' title='bbox 644 4353 831 4424; x_wconf 75' lang='lat' dir='ltr'><strong>Montanans,</strong></span> <span class='ocrx_word' id='word_1_269' title='bbox 845 4354 1005 4409; x_wconf 85' lang='lat' dir='ltr'><strong>canonicus</strong></span> <span class='ocrx_word' id='word_1_270' title='bbox 1024 4353 1236 4425; x_wconf 87' lang='lat' dir='ltr'><strong>majoricensis,</strong></span> <span class='ocrx_word' id='word_1_271' title='bbox 1256 4355 1369 4429; x_wconf 87' lang='lat' dir='ltr'><strong>dequo</strong></span> <span class='ocrx_word' id='word_1_272' title='bbox 1387 4357 1504 4430; x_wconf 82' lang='lat' dir='ltr'><strong>saepius</strong></span> <span class='ocrx_word' id='word_1_273' title='bbox 1521 4373 1627 4413; x_wconf 79' lang='lat' dir='ltr'><strong>sermo</strong></span> 
     </span>
     <span class='ocr_line' id='line_1_33' title="bbox 388 4442 773 4500; baseline -0.003 -1"><span class='ocrx_word' id='word_1_274' title='bbox 388 4443 478 4500; x_wconf 86' lang='lat' dir='ltr'><strong>rediit</strong></span> <span class='ocrx_word' id='word_1_275' title='bbox 491 4443 522 4500; x_wconf 91' lang='lat' dir='ltr'><strong>in</strong></span> <span class='ocrx_word' id='word_1_276' title='bbox 538 4442 651 4500; x_wconf 79' lang='lat' dir='ltr'><strong>Chron.</strong></span> <span class='ocrx_word' id='word_1_277' title='bbox 668 4443 773 4498; x_wconf 83' lang='lat' dir='ltr'><strong>Natal.</strong></span> 
     </span>
    </p>

    <p class='ocr_par' dir='ltr' id='par_1_10' title="bbox 444 4533 652 4604">
     <span class='ocr_line' id='line_1_34' title="bbox 444 4533 652 4604; baseline 0 -16"><span class='ocrx_word' id='word_1_278' title='bbox 444 4537 455 4569; x_wconf 83' lang='lat'><strong>¹</strong></span> <span class='ocrx_word' id='word_1_279' title='bbox 494 4534 562 4604; x_wconf 85' lang='lat' dir='ltr'><strong>Ms.,</strong></span> <span class='ocrx_word' id='word_1_280' title='bbox 578 4533 652 4588; x_wconf 78' lang='lat' dir='ltr'><strong>uoti.</strong></span> 
     </span>
    </p>

    <p class='ocr_par' dir='ltr' id='par_1_11' title="bbox 441 4620 1443 4696">
     <span class='ocr_line' id='line_1_35' title="bbox 441 4620 1443 4696; baseline 0.003 -18"><span class='ocrx_word' id='word_1_281' title='bbox 441 4624 452 4657; x_wconf 80' lang='lat'>⁵</span> <span class='ocrx_word' id='word_1_282' title='bbox 490 4623 535 4678; x_wconf 93' lang='lat' dir='ltr'><strong>De</strong></span> <span class='ocrx_word' id='word_1_283' title='bbox 548 4620 594 4677; x_wconf 90' lang='lat' dir='ltr'><strong>his</strong></span> <span class='ocrx_word' id='word_1_284' title='bbox 608 4621 676 4676; x_wconf 90' lang='lat' dir='ltr'><strong>vide</strong></span> <span class='ocrx_word' id='word_1_285' title='bbox 688 4621 889 4692; x_wconf 66' lang='lat' dir='ltr'><strong>Saccumum,</strong></span> <span class='ocrx_word' id='word_1_286' title='bbox 903 4621 983 4678; x_wconf 79' lang='lat' dir='ltr'><strong>Hist.</strong></span> <span class='ocrx_word' id='word_1_287' title='bbox 1000 4623 1076 4690; x_wconf 67' lang='lat' dir='ltr'><strong>Soc„</strong></span> <span class='ocrx_word' id='word_1_288' title='bbox 1092 4633 1169 4696; x_wconf 87' lang='lat' dir='ltr'><strong>part.</strong></span> <span class='ocrx_word' id='word_1_289' title='bbox 1187 4624 1295 4696; x_wconf 81' lang='lat' dir='ltr'><strong>11,1ib.</strong></span> <span class='ocrx_word' id='word_1_290' title='bbox 1313 4638 1334 4696; x_wconf 90' lang='lat'><strong>1,</strong></span> <span class='ocrx_word' id='word_1_291' title='bbox 1345 4643 1376 4681; x_wconf 88' lang='lat' dir='ltr'><strong>n.</strong></span> <span class='ocrx_word' id='word_1_292' title='bbox 1396 4624 1443 4680; x_wconf 86' lang='lat'><strong>26.</strong></span> 
     </span>
    </p>

    <p class='ocr_par' dir='ltr' id='par_1_12' title="bbox 441 4713 675 4778">
     <span class='ocr_line' id='line_1_36' title="bbox 441 4713 675 4778; baseline 0.004 -10"><span class='ocrx_word' id='word_1_293' title='bbox 441 4714 455 4747; x_wconf 78' lang='lat'>⁸</span> <span class='ocrx_word' id='word_1_294' title='bbox 490 4713 558 4778; x_wconf 68' lang='lat' dir='ltr'><strong>Mn,</strong></span> <span class='ocrx_word' id='word_1_295' title='bbox 572 4713 675 4770; x_wconf 80' lang='lat' dir='ltr'><strong>etsed.</strong></span> 
     </span>
    </p>
   </div>
   <div class='ocr_carea' id='block_1_6' title="bbox 0 0 1838 5384">
    <p class='ocr_par' dir='ltr' id='par_1_13' title="bbox 0 0 1838 5384">
     <span class='ocr_line' id='line_1_37' title="bbox 0 0 1838 5384; baseline 0 11"><span class='ocrx_word' id='word_1_296' title='bbox 0 0 1838 5384; x_wconf 95' lang='lat' dir='ltr'><strong> </strong></span> 
     </span>
    </p>
   </div>
  </div>
 </body>
</html>
