3504 5386
649 485 682 542 η
702 473 900 528 Surreunms
922 455 989 542 1564
1361 529 1364 536 ,
1374 465 1428 544 523

186 625 279 732 dere
297 646 353 691 rne
369 625 546 712 permittit.
566 626 671 694 Aliud
683 637 774 695 esset
790 625 818 694 si
835 626 1027 713 theologiae
1039 647 1177 694 cursum
1193 623 1283 691 sicut
1295 622 1351 690 alii
1363 625 1426 689 ab·

186 739 391 822 soluissem,
410 743 503 825 quod
519 741 599 810 licet
615 741 756 824 nonsit,
775 740 858 808 nihil
874 741 956 807 mihi
969 741 1130 828 parcitur,
1145 761 1209 807 nec
1221 741 1264 806 ab
1276 736 1425 806 externis

191 867 382 938 uocantur,
396 855 462 922 nisi
475 855 674 924 nominatim
685 859 805 924 doctor
817 857 953 942 Seydel.
969 855 1094 925 Officio
1109 877 1196 936 meo,
1206 853 1317 942 gratia
1328 851 1426 922 Chri·

186 971 238 1038 sti
267 993 341 1038 non
368 973 489 1052 deero,
519 975 580 1040 sed
607 970 717 1039 sciant
743 971 891 1058 compati
917 971 1180 1038 infirmitatibus.
1198 969 1311 1039 Credo
1334 970 1427 1056 quod
1537 997 1542 1012 ·

187 1086 338 1173 saepius
361 1088 500 1155 libertas
521 1110 597 1156 mea
618 1097 811 1169 accusatur,
841 1089 902 1156 sed
930 1097 1090 1156 transeat:
1120 1088 1265 1152 Domini
1291 1106 1423 1152 sumus.

188 1202 414 1270 Commendo
430 1224 484 1270 me
500 1202 711 1272 orationibus
723 1213 758 1273 et
770 1204 896 1270 sanctis
909 1205 950 1270 R.
967 1205 1006 1269 Ρ.
1023 1205 1064 1270 T.
1080 1200 1266 1281 sacrificiis,
1282 1211 1320 1266 ut
1337 1199 1426 1266 uires

188 1315 229 1382 in
246 1317 410 1384 omnibus
426 1318 608 1386 addantur.
624 1319 728 1386 Nolui
740 1317 860 1387 litteris
874 1317 958 1386 meis
969 1329 1005 1384 et
1016 1316 1151 1403 ineptiis
1163 1338 1309 1404 grauate
1325 1317 1366 1383 R.
1383 1317 1423 1382 P.

189 1434 414 1518 generalem,
438 1434 499 1502 sed
520 1444 674 1521 rogatam
697 1433 805 1503 uelim.
827 1435 868 1500 R.
901 1435 941 1500 P.
972 1433 1013 1500 T.
1037 1444 1076 1499 ut
1098 1453 1176 1500 eum
1197 1453 1274 1498 meo
1289 1430 1429 1498 nornine
1464 1485 1467 1490 .

188 1557 339 1635 rogaret
366 1569 410 1614 ne
433 1549 501 1618 mei
524 1549 559 1616 in
577 1549 789 1617 orationibus
817 1548 888 1617 suis
916 1569 995 1615 cum
1024 1547 1184 1616 Patribus
1211 1547 1369 1615 omnibus
1392 1557 1429 1615 et

191 1663 363 1730 tratribus
376 1664 648 1734 obliuisceretur.

266 1779 301 1845 6.
352 1779 454 1847 Volui
470 1784 538 1846 hoc
553 1782 596 1847 de
614 1783 654 1848 P.
674 1780 841 1849 Michaele
857 1782 944 1867 Spes
960 1781 1095 1850 addere.
1122 1779 1297 1866 Affligitur
1314 1779 1429 1846 multi-

190 1894 324 1974 modis,
338 1898 431 1980 quod
445 1895 560 1963 uideat
573 1907 623 1962 tot
635 1897 778 1965 iuuenes
796 1909 864 1964 tam
880 1895 998 1982 paucis
1010 1897 1108 1963 annis
1124 1905 1308 1982 promotos,
1322 1915 1428 1979 seque

192 2009 319 2076 multis
335 2011 433 2076 annis
449 2011 485 2076 in
501 2011 674 2080 Societate
692 2022 864 2078 uersatum
881 2013 1065 2093 laborasse,
1084 2022 1279 2078 nontamen
1294 2011 1338 2076 ad
1353 2021 1428 2076 stu-

192 2123 255 2191 dia
273 2141 482 2211 promotum.
501 2127 613 2194 Credo
629 2128 862 2195 consolaretur
877 2127 906 2194 si
922 2127 965 2194 ad
983 2125 1128 2214 gradum
1140 2124 1334 2194 licentiatus
1350 2145 1428 2212 pro<
1528 2207 1530 2214 Ι

194 2253 413 2324 moueretur,
434 2253 471 2308 ut
487 2241 611 2308 offlicio
627 2241 741 2327 aliquo
757 2241 938 2311 Societatis
954 2244 1179 2310 honoraretur
1202 2243 1223 2306 ¹.
1242 2243 1330 2308 Nam
1348 2239 1429 2307 alio·

195 2356 290 2442 quin
312 2356 489 2443 ingenium
511 2355 639 2424 homini
656 2380 724 2424 non
745 2355 854 2439 deest3
875 2358 982 2424 multa
1002 2377 1139 2442 quoque
1158 2357 1243 2444 legit
1263 2367 1297 2422 et
1312 2377 1430 2442 exper-

193 2485 257 2540 tus
275 2483 340 2538 est.
360 2474 473 2540 Credo
489 2484 604 2559 posset
625 2475 689 2540 hoc
706 2495 775 2540 non
791 2475 878 2541 male
894 2473 978 2554 fieri;
997 2495 1075 2540 nam
1097 2475 1294 2557 frequenter
1309 2470 1430 2538 similia

195 2589 342 2656 uidetur
367 2600 533 2674 repetere.
558 2567 714 2657 Habetur
735 2589 871 2674 quidem
900 2610 961 2674 pro
976 2571 1134 2670 'tentat05
1157 2589 1217 2655 sed
1238 2588 1341 2654 credo
1362 2585 1432 2654 falti

195 2705 342 2770 multos.
362 2707 406 2772 V.
426 2705 468 2772 R.
488 2707 524 2772 P.
548 2707 663 2790 posset
682 2707 748 2771 hoc
769 2727 789 2772 a
810 2708 911 2772 Patre
933 2703 1085 2792 generali
1105 2703 1298 2790 impetrare.
1322 2700 1432 2770 Audit

196 2842 299 2887 meas
315 2819 491 2901 lectiones
511 2832 546 2889 et
568 2821 702 2890 uidetur
725 2821 814 2888 uelle
837 2822 975 2888 studere
991 2819 1020 2886 si
1036 2841 1114 2906 spes
1134 2816 1316 2904 aliquando
1332 2819 1431 2886 ades—

195 2947 269 3004 set.
290 2936 385 3002 Haec
402 2936 466 3002 sub
488 2957 566 3002 rosa
586 2936 714 3018 scribo;
739 2937 864 3003 nollem
886 2935 1028 3001 nimium
1044 2934 1142 3004 scire·
1168 2935 1317 3020 Optatus
1338 2934 1432 3001 Iesus

198 3053 245 3118 V.
274 3053 315 3118 R.
336 3053 375 3117 Ρ.
390 3063 515 3118 cuneta
528 3075 569 3119 ex
584 3064 665 3118 uoto
676 3054 854 3132 concedat,
869 3053 995 3137 detque
1008 3049 1171 3120 societati
1184 3050 1431 3116 incrementum

197 3167 237 3233 in
263 3165 384 3252 spiritu
407 3177 442 3232 et
462 3187 613 3234 numero.
640 3167 794 3235 Viennae
822 3165 993 3242 Austriae,
1022 3167 1117 3250 1564,
1141 3183 1183 3248 27
1205 3163 1428 3251 Septembris

198 3285 248 3350 V.
270 3283 310 3348 R.
331 3283 371 3348 P.
391 3304 513 3349 seruus
529 3281 705 3369 indignus,

862 3400 1053 3486 Jonnuues
1077 3399 1295 3466 Serorrrus.

274 3513 458 3598 Inscriptio
477 3515 516 3578 in
540 3517 666 3598 quarta
684 3515 834 3600 pagina:
858 3512 881 3601 †
906 3514 1101 3580 Admodum
1121 3513 1210 3579 Rdo.
1237 3511 1272 3578 in
1295 3510 1434 3578 Christo

201 3627 301 3696 Patri
321 3631 365 3694 D.
390 3631 437 3696 M.
461 3627 587 3709 Natali,
617 3649 735 3696 sacrae
761 3627 970 3714 Theologiae
998 3627 1183 3696 Ductori...
1208 3628 1282 3694 rhu.
1307 3629 1433 3694 Romae

202 3743 264 3812 Pri
281 3781 326 3792 —
341 3781 386 3792 -
400 3781 446 3792 —
461 3744 473 3776 ¹
495 3746 635 3812 Romae.
659 3745 740 3810 Atia
756 3765 875 3808 manu:
897 3743 991 3827 1564.
1012 3743 1156 3810 Vienna.
1177 3745 1217 3810 P.
1237 3745 1292 3832 Jo.
1311 3741 1433 3812 Seide-

201 3861 250 3928 uo
268 3877 310 3942 27
327 3860 362 3926 d’
382 3860 470 3942 7.bre
485 3898 530 3909 -
545 3860 664 3948 sigilli
680 3861 881 3946 uestigium.

206 3999 422 4012 -ω--ιψ-

261 4081 269 4110 ¹
308 4073 428 4130 Polanci
442 4091 528 4128 manu
541 4073 571 4128 in
585 4073 715 4144 margine
728 4071 801 4128 haee
811 4073 920 4144 scripta
930 4073 1083 4128 habentur:
1096 4073 1136 4127 At
1148 4073 1220 4145 spes
1229 4091 1285 4144 que
1295 4074 1322 4128 st
1332 4075 1435 4144 quiere

158 4221 161 4226 Δ
197 4171 295 4230 artes,
309 4163 357 4220 las
369 4181 432 4235 oya,
448 4165 465 4218 ό
478 4163 510 4217 lu
522 4161 683 4236 theotogta,
697 4164 724 4217 st
736 4163 763 4218 te
770 4167 878 4234 parere
889 4179 945 4234 que
955 4163 1033 4218 tiene
1044 4163 1188 4218 ttrminos
1198 4164 1347 4218 bastantes
1354 4169 1436 4236 paru

199 4257 279 4324 etlo;
288 4274 308 4328 y
317 4271 347 4310 se
359 4255 457 4326 quiete
466 4271 486 4324 y
499 4255 647 4310 sitienda.

260 4348 272 4380 ¹
309 4345 425 4399 Desunt
438 4344 534 4415 aliqua
547 4345 648 4399 verba.
