3604 5380
798 503 830 558 P.
852 503 992 558 Narams
1012 503 1177 560 huma.

849 735 997 799 lutras,
1016 739 1129 786 sarno

445 889 571 954 Parum
585 886 642 954 hic
656 886 806 970 substiti,
824 889 884 956 sed
896 886 975 954 dedi
987 887 1190 974 quibusdam
1201 885 1381 955 consilium
1393 887 1437 956 de
1448 890 1498 968 r'e,
1512 907 1601 972 quae

377 1003 421 1068 ad
442 1001 660 1089 inquisitores
679 1002 857 1085 attinebat3
879 1003 970 1090 quod
990 1001 1169 1070 consilium
1189 1001 1340 1071 intellexi
1360 1011 1479 1089 postea
1494 1000 1602 1070 fuisse

376 1127 514 1204 gratum
527 1115 796 1203 inquisitoribus.
816 1117 883 1186 Hic
898 1117 1049 1186 intellexi
1060 1139 1160 1185 vsum
1176 1118 1282 1186 fuisse
1301 1119 1423 1186 ducem
1439 1116 1602 1184 albanum

377 1253 480 1319 opera
493 1231 596 1298 vnius
611 1255 631 1300 e
647 1231 782 1301 nostris.

443 1409 524 1475 tat
798 1430 1061 1492 smnnnrrcnn,
1081 1430 1193 1478 paruo

444 1581 518 1648 Nec
533 1577 588 1646 hic
605 1577 755 1660 substiti,
774 1581 835 1648 sed
851 1589 944 1646 recta
956 1582 1113 1647 Portum.
1135 1579 1142 1668 Ι

811 1779 859 1826 m>
876 1777 1037 1841 ronruu,
1056 1778 1168 1826 rnruo

444 1925 592 2012 Repperi
612 1928 652 1993 P.
677 1927 897 1994 Franciscum
919 1937 954 1992 et
977 1925 1263 1993 Bustamantium:
1286 1927 1342 1994 hic
1361 1928 1562 1996 discesserat
1583 1951 1605 1993 a

377 2063 441 2108 sua
456 2040 645 2127 prouincia,
660 2043 752 2127 quod
764 2063 869 2130 aegre
881 2042 986 2110 ferret
997 2063 1095 2108 suam
1111 2040 1280 2109 rationem
1300 2041 1514 2128 gubernandi
1534 2064 1605 2110 non

377 2157 513 2244 probari
538 2159 581 2224 ab
608 2156 779 2245 aliquibus
805 2156 972 2244 primarijs
1001 2156 1174 2240 Patribus,
1203 2157 1296 2244 quod
1323 2168 1458 2244 saperet
1483 2179 1605 2224 mona-

378 2271 557 2338 chismum.
578 2274 619 2338 P.
638 2272 842 2340 Franciscus
856 2272 951 2339 visus
970 2283 1023 2342 est
1042 2273 1165 2342 affecta
1185 2293 1261 2342 esse
1279 2271 1487 2342 valetudine.
1510 2274 1607 2341 Con—

379 2387 490 2455 fessus
505 2398 559 2453 est
573 2386 790 2476 generaliter.
806 2388 872 2474 Egi
887 2409 967 2455 cum
983 2409 1025 2456 eo
1040 2387 1085 2455 de
1099 2388 1184 2470 suis,
1198 2390 1242 2457 de
1254 2387 1403 2474 Araosij,
1418 2398 1455 2457 et
1465 2389 1607 2474 prouin-

377 2501 507 2568 ciarum
528 2503 642 2569 rebus.
666 2501 716 2568 lbi
744 2503 887 2588 concepi
908 2502 1206 2590 interrogationes,
1234 2503 1361 2590 quibus
1383 2514 1502 2590 postea
1522 2525 1609 2571 vsus

379 2637 456 2682 sum
471 2617 508 2684 in
523 2616 727 2688 visitatione.
745 2618 883 2704 lncoepi
898 2619 1026 2686 habere
1040 2617 1173 2703 aliquas
1187 2617 1274 2686 1³2
1288 2619 1554 2688 exhortationes.

447 2734 529 2800 Erat
543 2732 678 2800 initium
697 2733 834 2818 aliquod
860 2734 994 2821 collegij
1022 2735 1099 2804 siue
1123 2735 1258 2802 domus:
1287 2746 1384 2804 erant
1410 2735 1608 2804 omniafere

377 2848 603 2929 incommoda,
626 2860 762 2934 praeter
781 2871 961 2918 amoenum
982 2852 1133 2932 hortum,
1154 2837 1222 2918 sed
1236 2849 1296 2935 qui
1315 2861 1407 2919 esset
1429 2850 1465 2916 in
1479 2870 1607 2938 magna

377 2962 503 3030 montis
518 2963 726 3031 decliuitate.
746 2959 947 3032 Examinaui
974 2965 1124 3051 quidem,
1153 2967 1215 3034 sed
1235 2987 1306 3032 non
1325 2965 1443 3034 audiui
1464 2965 1607 3032 aliorum

377 3076 611 3146 confessiones
623 3089 718 3160 tunc,
736 3080 798 3147 sed
813 3079 959 3149 rediens.
979 3081 1123 3168 Egimus
1138 3081 1183 3150 de
1199 3081 1412 3168 profectione
1433 3083 1474 3148 P.
1499 3083 1607 3148 Fran·

378 3191 473 3272 cisci,
491 3195 638 3260 sednon
654 3193 883 3263 definiuimus.
903 3195 1007 3262 Volui
1021 3196 1160 3264 visitare
1178 3198 1404 3264 Braccharam
1419 3207 1455 3263 et
1474 3199 1610 3264 Monte-

382 3306 517 3393 regium
537 3309 559 3373 '.

447 3541 535 3607 ¹83
807 3564 1058 3626 nnaccnnnns,
1087 3565 1199 3612 rnruo

446 3775 552 3860 Venjt
568 3795 702 3842 mecum
719 3776 989 3844 Bustamantius.
1004 3777 1072 3845 Hic
1088 3787 1162 3847 erat
1173 3788 1288 3846 rector
1301 3780 1342 3844 Ρ.
1357 3779 1424 3844 don
1437 3777 1605 3864 Ignatius.

381 3891 487 3956 Erant
513 3889 549 3955 in
576 3889 722 3978 collegio
749 3891 942 3974 cardinalis,
965 3891 1024 3959 vbi
1050 3893 1216 3961 docuerat
1231 3893 1435 3974 Clenardus,
1461 3903 1610 3979 anguste

378 4004 529 4092 quidem,
547 4016 582 4074 et
599 4006 758 4088 tenuiter,
776 4005 841 4074 nisi
858 4009 951 4095 quod
966 4019 1039 4077 erat
1056 4009 1220 4076 sacellum
1236 4019 1289 4074 sat
1306 4008 1535 4075 commodum.
1558 4007 1609 4073 lbi

380 4120 513 4208 incoepi
530 4121 695 4208 colligere
710 4143 753 4188 ex
769 4122 895 4204 dubiis
910 4145 998 4209 quae
1015 4144 1213 4210 acceperam
1229 4126 1273 4191 ab
1286 4121 1445 4204 Araozio,
1469 4132 1551 4204 etc.;
1570 4145 1613 4191 ea

379 4235 554 4324 colligere,
583 4237 709 4324 quibus
729 4248 848 4325 postea
877 4239 1128 4324 responderem.
1151 4238 1268 4306 Habui
1295 4237 1552 4306 exhortationes
1577 4249 1614 4304 et

381 4351 549 4433 examina,
569 4351 687 4419 audiui
702 4352 946 4420 consessiones.
967 4353 1111 4439 Reliqua
1130 4353 1137 4444 Ι
1156 4353 1192 4419 in
1208 4353 1354 4420 reditum
1371 4351 1488 4420 distuli
1504 4353 1529 4418 ¹.

436 4630 443 4665 ¹
483 4625 679 4697 Saccumus,
692 4629 750 4684 loc.
769 4629 833 4698 cit.,
847 4648 898 4685 nn.
916 4643 960 4700 10,
976 4643 1022 4687 ιι.
1039 4633 1102 4687 Fol.
1121 4630 1170 4687 132
1181 4650 1212 4687 v.
1232 4649 1336 4703 purum
1350 4639 1498 4686 remanet.

438 4720 450 4751 ¹
490 4715 686 4788 Saccmuus,
700 4719 757 4772 loc.
776 4719 846 4786 eit.,
860 4737 892 4774 n.
913 4733 956 4778 12.
