3604 5380
675 469 694 524 9
711 452 898 510 Novtttfflms
920 451 987 522 1562

785 722 884 786 m

568 836 844 898 COLONIENSES
863 837 1107 897 SUPERIORES

416 954 604 1022 PATRI
638 955 1011 1025 HIERONYMO
1050 957 1261 1024 NADAL

568 1099 740 1156 coromrut,
759 1103 778 1158 9
795 1099 977 1144 uomnrus
998 1087 1066 1157 1562
1086 1092 1107 1144 ¹.

210 1211 243 1253 1.
264 1199 421 1257 Ordinato
433 1221 454 1257 a
468 1203 506 1258 P.
519 1202 624 1260 Nadal
635 1205 743 1276 exequi
753 1207 913 1280 satagunt,
926 1205 1034 1277 aliqum
1046 1204 1247 1260 nihilominus
1264 1206 1401 1260 nondum
1416 1206 1451 1261 in

268 1292 396 1361 proxim
420 1293 535 1348 adduci
554 1297 807 1366 potuerunt-2.
832 1294 880 1349 De
901 1294 1083 1350 ministeriis
1105 1293 1262 1351 Societatis
1284 1294 1450 1367 intemplo

264 1382 296 1437 S.
316 1381 526 1452 [Inulae-3.
544 1383 591 1438 De
604 1383 724 1438 Busaeo
732 1387 762 1439 et
774 1383 877 1448 Fabio,
887 1388 916 1439 et
927 1383 964 1440 de
976 1383 1102 1457 collegio
1115 1385 1306 1457 moguntino.

289 1555 320 1605 1.
368 1536 570 1605 Reverende
586 1537 701 1605 Pater.
720 1537 870 1624 Operam
886 1536 1055 1617 dedimus,
1073 1547 1123 1618 vt,
1141 1556 1229 1623 quae
1240 1559 1261 1604 a
1272 1535 1360 1604 R‚tia
1372 1539 1448 1605 Tua

209 1651 376 1720 ordinata
392 1653 545 1734 fuerunt,
562 1650 598 1717 in
615 1673 714 1718 vsum
730 1651 888 1719 venirent
903 1652 929 1718 ¹.
947 1652 1079 1719 Verum
1089 1651 1250 1740 angustia
1259 1651 1327 1720 loci
1338 1651 1448 1740 impe·

210 1768 325 1849 ditur,
341 1767 526 1853 quominus
540 1768 717 1836 commode
737 1767 953 1835 conuictores
972 1767 1080 1836 nostri
1102 1767 1138 1835 in
1157 1766 1330 1836 communi
1349 1789 1448 1837 orare

211 1882 362 1972 possint.
381 1883 419 1954 Si
433 1882 469 1949 in
486 1881 601 1969 aliquo
617 1903 780 1950 successu
796 1883 958 1969 temporis
977 1883 1213 1952 difficultatem
1232 1883 1447 1970 experiamur

213 1997 325 2068 Ratae
346 2001 388 2068 Τ.
411 1998 650 2066 indicabimus.
674 2000 934 2066 Procuratorem
958 1998 1167 2068 constituere
1189 2000 1342 2066 nondum
1365 1999 1446 2066 data

210 2115 284 2182 fuit
298 2113 525 2202 oportunitas,
542 2125 578 2182 et
591 2114 629 2181 in
642 2117 708 2182 hac
722 2115 767 2181 ad
782 2114 1070 2182 baccalauriatum
1090 2113 1295 2182 admissione
1314 2115 1445 2182 solum·

210 2232 321 2300 modo
341 2250 381 2299 10
396 2231 531 2299 daleros
546 2229 748 2317 recepimus,
766 2251 853 2316 quos
867 2229 1076 2317 pauperibus
1089 2229 1326 2298 distribuimus
1342 2231 1367 2296 ³.

227 2324 231 2330 ¹
283 2365 316 2414 2.
367 2345 533 2414 Canonici
551 2345 646 2415 aedis
665 2349 710 2415 D.
734 2347 880 2415 Ursulae
899 2345 1034 2413 molesti
1060 2346 1198 2432 quidem
1225 2367 1318 2412 nunc
1345 2344 1444 2414 nobis

207 2483 285 2530 non
312 2471 408 2542 sunt,
436 2461 497 2528 sed
522 2471 727 2548 potestatem
754 2461 979 2531 confessionis
1001 2472 1037 2531 et
1058 2461 1306 2530 communionis
1328 2483 1444 2529 sacra·

209 2586 331 2644 menta
346 2573 604 2644 administrandi
619 2577 711 2663 apud
725 2599 766 2645 se
780 2577 931 2643 nondum
953 2577 1120 2658 fecerunt,
1145 2587 1222 2664 post
1242 2576 1443 2646 electionem

204 2690 463 2778 archiepiscopi
478 2690 662 2773 videbitur,
681 2691 763 2777 quid
778 2692 922 2760 vlterius
938 2703 1069 2761 tentare
1084 2692 1185 2762 liceat
1202 2693 1226 2759 ⁴.

282 2828 315 2894 3.
365 2807 435 2874 Vbi
450 2830 472 2874 a
486 2807 634 2875 romanis
655 2807 934 2889 intellexerimus,
960 2819 1125 2895 quantum
1146 2809 1348 2878 Theodorus
1369 2811 1443 2876 Bu-

206 2947 295 2994 seus
310 2935 347 2992 et
358 2925 535 3012 Johannes
551 2921 677 2990 Fabius
693 2921 728 2989 in
743 2922 800 2990 via
811 2923 1099 3010 consumpserint,
1122 2924 1236 2991 oblata
1255 2924 1442 2992 commodi-

207 3051 284 3108 tate
300 3039 535 3109 restituemus.
554 3037 759 3124 Maguntino
773 3038 919 3126 collegio
934 3038 1079 3108 libenter
1094 3040 1304 3126 praefectum
1319 3038 1442 3108 conui-

203 3169 348 3225 ctorum
371 3153 598 3233 mitteremus,
620 3154 681 3222 sed
701 3153 903 3241 magistrum
924 3153 1132 3241 Gregorium
1151 3155 1297 3223 facultas
1317 3154 1441 3222 artium

202 3273 380 3340 decanum
398 3267 589 3352 constituit,
607 3279 642 3337 et
658 3268 784 3356 optime
799 3269 941 3339 classem
958 3269 1163 3338 rethoricam
1179 3270 1281 3358 regit,
1298 3281 1337 3336 vt
1353 3271 1388 3338 in
1400 3292 1441 3342 ea

204 3387 372 3454 videatur
386 3384 633 3470 relinquendus
650 3386 674 3449 ³.
693 3382 762 3451 Vbi
779 3393 892 3452 tamen
908 3383 1056 3471 aliquem
1072 3385 1243 3472 petierint,
1266 3386 1380 3454 omnia
1399 3407 1441 3453 ea

205 3500 476 3590 praestabimus,
493 3498 634 3584 quaein
654 3509 771 3566 nostra
791 3508 891 3568 erunt
911 3508 1093 3587 potestate.
1120 3502 1204 3568 Post
1224 3500 1441 3568 Purificatio·

202 3639 292 3686 nem
307 3615 398 3685 enim
415 3637 526 3682 nouos
541 3614 724 3702 magistros
745 3614 946 3682 habebimus
966 3618 991 3697 ⁰,
1015 3616 1235 3703 cathalogum
1254 3615 1439 3684 lectionum

267 3789 276 3820 ¹
314 3785 359 3840 Ex
372 3783 553 3856 apographo,
566 3783 695 3838 Kesselii
708 3800 795 3838 manu
808 3793 939 3854 exarato,
952 3784 983 3839 in
1001 3784 1065 3856 ejus
1083 3785 1283 3858 Epistolario,
1302 3784 1374 3842 Cod.
1395 3799 1438 3856 57,
1492 3800 1496 3809 ·

199 3875 259 3930 tot.
278 3872 331 3930 132
343 3891 373 3928 v.
387 3876 460 3942 (20).
477 3871 595 3928 Titulus
607 3871 785 3928 documento
798 3873 866 3928 huic
878 3873 1035 3946 praefixus:
1049 3874 1099 3929 Ad
1111 3875 1149 3930 R.
1164 3874 1201 3929 P.
1216 3873 1369 3931 Natalem.

261 3967 275 4000 ¹
312 3963 399 4034 Quae
412 3962 449 4018 P.
467 3960 560 4017 Nadal
574 3962 604 4017 in
617 3961 744 4034 collegio
755 3961 918 4018 coloniensi
928 3963 1112 4019 observanda
1122 3965 1320 4038 praescripsit,
1331 3966 1440 4021 haben·

199 4052 301 4110 turin
316 4051 392 4108 eod.
410 4051 439 4118 6,
453 4051 559 4108 Natol.
573 4053 664 4108 instr.
680 4051 787 4108 Germ.

261 4145 274 4178 ⁸
311 4142 389 4198 Vide
402 4143 494 4216 epist.
511 4154 576 4215 215,
589 4161 619 4198 n.
634 4156 661 4197 2.

259 4235 272 4267 ⁴
310 4231 388 4287 Vide
399 4233 490 4304 epist.
509 4245 572 4302 215,
586 4249 616 4286 n.
634 4243 645 4286 t
660 4249 729 4287 cum
741 4240 844 4287 annot.

257 4324 272 4356 ³
310 4320 388 4376 Vide
401 4321 492 4393 epist.
509 4333 573 4392 215,
589 4339 617 4376 n.
631 4336 649 4390 4
661 4337 728 4376 cum
741 4329 843 4376 annot.

261 4412 274 4445 ⁸
311 4409 346 4465 In
359 4409 468 4468 litteris
480 4410 585 4466 annuis
598 4409 717 4481 collegii
730 4410 919 4483 coloniensis,
933 4425 967 4483 29
986 4409 1097 4483 Aprilis
1118 4408 1186 4479 1563
1205 4410 1292 4481 datis,
1312 4412 1385 4466 haec
1403 4411 1440 4466 de

198 4499 402 4558 renovatione
424 4498 607 4569 studiorum,
630 4500 759 4556 Kesselii
781 4517 868 4556 manu
890 4501 999 4573 scripta
1020 4501 1179 4556 habentur:
1203 4499 1440 4558 «Renovavimus

199 4588 351 4664 proximis
364 4587 431 4646 istis
443 4588 548 4646 diebus
561 4589 659 4646 studia
677 4597 707 4644 et
724 4589 826 4662 primis
849 4590 1001 4647 cuiusdam
1023 4589 1127 4646 classis
1148 4607 1270 4646 munera
1290 4590 1437 4660 dedimus,

200 4679 327 4752 aliaque
340 4676 540 4750 exhibuimus,
553 4695 628 4751 quae
640 4677 678 4734 ad
694 4677 915 4735 inflammandas
932 4679 1073 4736 iuvenum
1092 4678 1203 4737 animas
1223 4679 1254 4736 in
1272 4679 1442 4736 huiusmodi
