3666 5384
830 486 899 556 1556
1442 505 1474 548 11

241 639 375 706 artium
401 639 603 708 liberalium.
634 643 676 708 P.
702 637 959 708 Bustamantius
980 638 1197 724 prouincialis
1218 641 1257 707 fit
1278 642 1477 711 Bethicaea

246 756 290 821 P.
309 754 506 836 Francisc0‚
524 766 560 823 et
571 759 614 823 D.
631 758 757 824 Torres
768 753 986 842 prouincialis
1003 755 1236 842 Portugalliae
1248 778 1289 824 ac
1300 759 1476 827 confessa-

245 869 323 938 rius
337 871 489 956 reginae.
510 874 551 938 P.
571 871 682 939 Miron
694 870 888 938 absoluerat
901 868 1096 938 triennium:
1111 870 1235 938 missus
1247 882 1300 940 est
1312 873 1355 939 ad
1370 875 1472 944 colle-

245 984 347 1072 gium
367 986 591 1054 valentinum.
614 986 771 1054 Vibonae
790 984 826 1049 in
845 983 961 1053 Sicilia
980 995 1032 1052 est
1055 983 1273 1054 aedificatum
1293 1007 1334 1054 ac
1350 989 1476 1056 funda-

245 1109 323 1168 trun
336 1101 532 1188 collegium:
554 1101 560 1190 Ι
579 1102 704 1169 docent
715 1099 823 1167 nostri
833 1121 873 1167 ac
890 1098 1147 1167 concionantur.
1162 1101 1328 1171 Cataniae
1342 1102 1423 1172 item
1439 1105 1475 1172 in

242 1215 366 1284 Sicilia
382 1216 580 1284 inchoatum
596 1217 793 1304 collegium:
808 1215 893 1302 legit
909 1237 997 1282 vnus
1013 1216 1169 1283 enostris
1181 1239 1283 1286 casus
1295 1219 1475 1288 conscien-

244 1319 582 1400 tiae.'C0ncionatur
597 1335 713 1400 Canus
729 1333 895 1400 aduersus
907 1331 1126 1401 Societatem:
1146 1333 1268 1400 satisfit
1284 1335 1389 1402 verbo
1404 1337 1471 1423 pri-

242 1468 305 1512 mo
328 1447 517 1534 Hispaniae
537 1447 695 1534 praesidi.
726 1447 1022 1534 Monteregianum
1044 1446 1226 1534 collegium
1250 1447 1285 1515 in
1309 1448 1475 1537 Hispania

243 1561 458 1629 inchoatum.
493 1566 626 1632 Domus
656 1560 865 1650 probationis
892 1564 1066 1629 Granatae
1102 1563 1332 1631 constituitur.
1370 1566 1474 1634 Creat

244 1679 287 1744 P.
308 1678 337 1744 F
338 1677 512 1746 ranciscus
529 1680 719 1765 professum
735 1681 783 1746 M.
800 1676 988 1762 Baptistam
1006 1679 1237 1759 Barmensem,
1253 1701 1358 1746 vnum
1374 1702 1474 1766 prae·
1574 1681 1576 1686 ’

245 1803 344 1862 terea
360 1793 596 1862 coadiutorem
613 1793 821 1880 spiritualem
839 1815 879 1860 ac
894 1815 1000 1860 vnum
1017 1796 1247 1880 temporalem.
1272 1795 1423 1883 Nauigat
1438 1796 1474 1864 in

244 1908 381 1975 Indiam
400 1909 594 1996 patriarcha
621 1909 826 1996 Ethyopiae,
849 1920 883 1977 et
911 1907 1091 1995 episcopus
1118 1910 1275 1978 Ouedius
1302 1912 1370 1979 4⁰
1393 1933 1473 1979 cum

243 2025 449 2108 P.G0nqalo
464 2037 500 2094 et
512 2028 553 2092 P.
568 2028 595 2092 F
597 2023 751 2092 rancisco
763 2024 937 2104 Enrichio‚
952 2034 1017 2092 etc.
1034 2023 1156 2093 Libere
1168 2037 1298 2092 vouent
1309 2028 1473 2096 obedien-

243 2139 330 2206 tiam
346 2139 510 2208 Societati
525 2159 547 2223 4
563 2139 745 2226 principes,
765 2161 784 2224 3
804 2141 987 2220 seculares
1006 2157 1078 2222 41¹⁸
1098 2141 1361 2223 ecclesiasticus,
1380 2144 1473 2228 quod

241 2255 370 2321 volunt
393 2277 469 2324 esse
492 2267 674 2322 secretum.
705 2256 902 2341 Coeperunt
929 2236 1060 2321 cantari
1082 2275 1246 2341 vesperae
1268 2256 1304 2323 in
1328 2257 1472 2327 ecclesia

239 2371 369 2437 domus
384 2392 544 2440 romanae
560 2369 790 2438 modulatione
806 2390 828 2452 4
843 2391 979 2436 vocum.
998 2370 1126 2456 Migrat
1141 2370 1185 2436 ad
1199 2371 1386 2440 Dominum
1404 2376 1473 2441 Pa-

241 2495 298 2552 ter
313 2495 429 2552 noster
445 2485 601 2574 ignatius
616 2485 735 2552 vltimo
751 2485 806 2552 die
823 2485 909 2565 Iulii,
932 2496 1013 2571 post
1032 2485 1132 2553 cuius
1152 2486 1285 2554 obitum
1307 2490 1473 2557 obserua-

241 2611 320 2666 tum
335 2610 388 2668 est
400 2601 609 2668 alacritatem
625 2600 765 2687 spiritus
780 2623 855 2670 esse
871 2601 907 2668 in
923 2601 1082 2668 omnibus
1094 2603 1220 2669 nostris
1236 2604 1362 2689 passim
1378 2605 1474 2673 exci-

243 2726 353 2783 tatam
373 2726 451 2803 post
471 2717 648 2803 paululum
669 2716 820 2803 stuporis
846 2716 1023 2784 cuiusdam
1044 2738 1084 2784 ac
1112 2716 1242 2786 doloris
1265 2721 1309 2785 ad
1324 2719 1472 2805 primum

242 2829 419 2898 nuntium.
441 2830 448 2920 Ι
468 2832 613 2899 Creatur
628 2831 776 2898 vicarius
797 2830 968 2918 generalis
989 2830 1171 2900 Societatis
1188 2835 1228 2901 P.
1248 2835 1383 2919 Laynes
1398 2837 1474 2902 suf-

243 2945 368 3032 fragijs
384 2949 431 3015 M.
452 2947 605 3028 Polanci‚
623 2949 668 3014 D.
684 2945 812 3027 Ollaui‚
829 2949 876 3013 M.
891 2945 1002 3032 Frusij
1020 2967 1060 3013 ac
1074 2949 1113 3014 P.
1130 2948 1257 3034 Pontij‚
1271 2948 1403 3017 etiamsi
1416 2949 1472 3017 hic

241 3083 316 3128 non
331 3061 376 3128 sit
390 3063 565 3148 professus
581 3071 784 3144 4v0t0rum‚
803 3063 864 3129 sed
880 3062 982 3128 trium
999 3072 1143 3130 tantum.
1160 3065 1207 3130 Μ.
1224 3063 1399 3132 Bobadilla
1412 3089 1472 3135 ae·

240 3188 386 3266 grotans
402 3178 542 3264 Tybure
556 3175 692 3264 scripsit
706 3199 745 3246 se
760 3178 914 3244 futurum
934 3177 970 3244 in
984 3180 1107 3246 horum
1127 3179 1308 3247 sententia.
1336 3197 1374 3264 17
1391 3183 1469 3249 Au-

240 3292 339 3381 gusti
361 3296 402 3361 P.
424 3292 596 3380 lgnatium
617 3303 757 3361 secutus
776 3303 830 3360 est
845 3296 888 3360 D.
914 3283 1083 3362 Ollauius.
1107 3275 1329 3362 Conuocatur
1349 3297 1370 3362 6
1390 3298 1468 3364 Au-

239 3407 338 3496 gusti
353 3407 507 3501 Societas
519 3409 564 3475 ad
578 3418 788 3476 conuentum
805 3409 1001 3494 generalem
1017 3407 1112 3474 iuxta
1127 3409 1393 3480 constitutiones
1408 3433 1468 3481 ce-

239 3524 458 3606 lebrandum,
475 3535 520 3593 et'
526 3523 635 3610 primo
651 3544 788 3609 quoque
809 3535 962 3610 tempore
976 3544 1094 3591 omnes
1117 3523 1182 3590 iter
1202 3525 1464 3612 aggrediuntur,

240 3638 300 3706 41
321 3649 357 3708 et
376 3642 518 3707 Romam
543 3638 683 3708 venient
703 3638 852 3725 acceptis
879 3636 933 3706 his
964 3637 1082 3705 literis.
1109 3639 1235 3708 Euenit
1254 3651 1329 3725 ut3
1352 3655 1468 3711 essent

240 3753 435 3823 Vallisoleti
455 3753 491 3820 in
512 3753 679 3841 Hispania
702 3753 942 3840 prouinciales,
965 3757 1006 3821 P.
1030 3755 1156 3838 Araoz,
1180 3758 1220 3824 P.
1249 3756 1405 3825 Stradius
1426 3781 1467 3826 ac

241 3873 285 3938 P.
310 3868 580 3938 Bustamantius:
605 3879 782 3956 praeterea
797 3873 838 3936 P.
860 3869 1064 3938 Franciscus
1084 3880 1120 3938 et
1136 3873 1176 3938 P.
1200 3871 1343 3940 Natalis:
1358 3895 1467 3961 ›para-

236 3988 326 4054 bant
352 4008 389 4054 se
414 3983 528 4053 itineri
553 3983 687 4070 reliqui.
715 3988 754 4053 Ρ.
778 3984 998 4052 Franciscum
1019 3997 1228 4055 censuerunt
1252 3987 1375 4056 medici
1396 4000 1465 4058 tam
1530 3999 1532 4002 ’

236 4103 385 4188 longum
404 4100 470 4168 iter
488 4122 563 4170 non
579 4121 682 4186 posse
701 4100 870 4167 conficere
891 4102 1020 4186 absque
1040 4101 1160 4169 salutis
1184 4102 1400 4172 detrimento:
1422 4127 1466 4174 ex

236 4215 453 4304 Portugallia
476 4219 598 4286 Patres
621 4215 685 4284 iter
706 4214 810 4284 etiarn
832 4225 914 4282 sunt
936 4214 1098 4302 ingressi.
1124 4217 1276 4304 Reliquis
1305 4219 1467 4288 Patribus

235 4331 426 4418 Hispaniae
440 4330 577 4418 scripsit
593 4335 634 4400 P.
653 4330 857 4398 Franciscus
872 4342 910 4397 vt
925 4331 974 4398 nil
989 4331 1111 4399 morati
1129 4332 1211 4402 item
1227 4335 1369 4402 Romam
1385 4358 1458 4423 pro-

234 4447 484 4517 ficiscerentur.
503 4451 533 4516 E
547 4446 733 4516 Germania
747 4448 818 4514 duo
836 4449 956 4516 Patres
973 4447 1155 4515 Patauium
1175 4445 1283 4536 vsque
1299 4473 1466 4538 pervene-

236 4573 336 4646 ruut3
357 4565 419 4633 sed
438 4584 544 4650 quum
565 4563 643 4632 illae
666 4561 800 4630 litterae
823 4561 952 4650 priores
972 4573 1216 4632 reuocarentur
1243 4583 1284 4651 25
1313 4569 1466 4655 Augusti

236 4688 380 4766 propter
398 4679 525 4748 bellurn
548 4677 638 4748 inter
655 4679 800 4746 Paulum
816 4697 839 4761 4
853 4689 890 4745 et
906 4676 1101 4766 Philippum
1121 4701 1239 4769 regem
1258 4681 1466 4751 catholicum
