3544 5390
449 499 503 557 600
642 463 644 468 Ι
917 504 1020 559 Ειηετ.
1041 502 1075 556 Ρ.
1096 501 1209 559 Nauna

343 659 346 669 '
451 665 516 735 tae,
535 655 617 722 mihi
635 667 747 724 tamen
763 655 961 726 acciderunt
977 653 1201 746 gratissimae.
1225 656 1329 740 Quod
1349 655 1392 721 de
1414 675 1524 734 causa,
1538 653 1573 722 de
1585 673 1631 738 qua

448 743 572 810 missus
595 748 663 812 huc
686 768 774 826 sum,
802 747 888 814 bene
911 765 1046 831 sperare
1070 767 1107 810 se
1130 745 1262 824 scribit,
1283 743 1362 812 facit
1377 765 1439 829 pro
1455 743 1566 829 pietate
1578 763 1630 820 sua,

448 833 508 902 sed
525 855 618 918 spem
635 837 734 918 hanc,
752 835 818 902 nisi
834 838 929 903 Deus
945 832 1174 901 misericordia
1191 855 1253 900 sua
1269 831 1434 920 singulari
1450 829 1631 918 promouent,

449 943 494 989 ne
510 944 648 1007 prorsus
664 923 757 991 irrita
772 924 816 990 sit
832 935 866 990 et
884 923 1004 1002 inaniS,
1022 923 1245 991 metuendum
1261 933 1326 988 est.
1345 924 1381 989 In
1398 925 1464 987 hoc
1479 919 1577 1006 itaque
1589 939 1632 984 no·
1715 999 1716 1004 ἵ

449 1010 501 1078 bis
516 1011 626 1078 omnis
641 1025 693 1078 est
709 1012 833 1079 fiducia
853 1013 1060 1090 collocanda,
1082 1011 1110 1078 is
1130 1011 1288 1097 precibus
1307 1009 1451 1078 assiduis
1471 1009 1557 1076 nobis
1575 1007 1631 1073 lati·
1715 1017 1716 1028 ¹

449 1102 583 1185 gandus
598 1112 662 1181 est,
682 1113 720 1167 ut
740 1101 898 1169 afflictam
920 1121 1080 1186 sponsam
1101 1122 1210 1181 suam,
1228 1099 1419 1180 ecclesiam,
1438 1097 1539 1166 oculis
1557 1097 1632 1162 mise-

448 1188 611 1256 ricordiae
632 1212 715 1259 suae
735 1191 904 1277 respiciat,
929 1213 968 1256 ac
990 1210 1030 1256 ea
1051 1188 1132 1255 mihi
1152 1188 1293 1256 consilia
1313 1187 1518 1276 suppeditet,
1540 1185 1632 1271 quibus

446 1277 576 1362 aliquid
592 1279 665 1363 opis
686 1280 729 1345 ad
750 1279 839 1347 illam
862 1279 1107 1347 subleuandam
1124 1277 1247 1346 adferri
1268 1289 1381 1362 queat.
1405 1280 1515 1362 Quam
1531 1276 1565 1341 ad
1581 1295 1631 1339 rem

449 1368 625 1436 uoluntate
641 1367 749 1454 magis
767 1381 953 1455 promptus,
972 1389 1073 1453 quam
1091 1368 1251 1435 facultate
1267 1389 1342 1434 sum
1358 1379 1505 1453 paratus.
1518 1362 1631 1431 Difficile

448 1468 500 1522 est
516 1477 655 1522 seruare
671 1456 807 1524 inuitos.
829 1459 1013 1544 Nunquam
1030 1457 1085 1522 illa
1106 1455 1233 1524 Christi
1255 1457 1358 1522 uerba
1379 1454 1488 1540 magis
1502 1449 1628 1526 intellexi,

447 1566 549 1628 quarn
565 1567 669 1611 nunc:
692 1548 789 1613 «Non
806 1557 857 1614 est
871 1569 956 1632 opus
968 1547 1060 1612 sanis
1072 1545 1216 1624 medico,
1231 1545 1291 1612 sed
1304 1545 1392 1613 male
1404 1541 1629 1611 habentibus.1›¹

449 1633 589 1698 Nullum
613 1633 669 1700 hic
692 1635 780 1701 male
803 1637 985 1703 habentem
1009 1635 1125 1702 uidere
1148 1634 1238 1714 licet;
1257 1654 1375 1701 omnes
1396 1635 1497 1700 ualde
1513 1629 1630 1700 sibisanr

449 1721 619 1803 videntur,
637 1725 759 1790 neceb
777 1725 844 1790 ulla
861 1746 897 1791 re
917 1723 1027 1806 magis
1047 1725 1242 1803 abhorrent,
1260 1743 1361 1807 quam
1377 1745 1397 1790 a
1413 1721 1534 1790 salubri
1551 1715 1628 1785 medi-

448 1809 536 1890 cina,
554 1833 633 1878 cum
651 1823 761 1878 tamen
786 1834 954 1897 nusquam
978 1813 1092 1898 plures
1114 1810 1262 1898 reperire
1285 1810 1398 1891 liceat,
1421 1810 1479 1896 qui
1504 1808 1630 1876 maleba-

447 1901 551 1966 beant
566 1910 600 1968 et
616 1901 809 1986 comprimis
825 1901 1023 1987 periculosis
1039 1901 1165 1968 morbis
1186 1899 1449 1968 confflictentur.
1474 1899 1536 1969 Sed
1549 1913 1630 1978 neque
1717 1933 1718 1950 .

448 1988 564 2055 doceri
588 1989 767 2074 quisquam
793 1990 847 2056 hic
871 1989 1014 2078 indiget:
1040 2012 1159 2058 omnes
1182 2013 1202 2056 a
1228 1992 1300 2057 Deo
1319 1988 1412 2056 docti
1426 1989 1629 2071 sunedocere.

450 2077 561 2164 magis
575 2099 678 2163 quam
694 2078 822 2158 doceri,
840 2079 959 2166 parati.

517 2166 596 2234 Fuit
613 2167 667 2234 hic
684 2189 817 2235 mecum
835 2171 873 2236 P.
890 2167 1060 2248 CanisiuS,
1079 2189 1121 2236 ex
1136 2167 1235 2234 cuius
1250 2168 1401 2236 aduentu
1417 2185 1561 2252 magnam
1571 2181 1630 2246 con-

454 2255 858 2344 solationemcapiebam,
881 2259 943 2326 sed
966 2257 995 2323 is
1019 2259 1239 2326 uehementer
1262 2259 1305 2324 ad
1328 2277 1409 2323 suos
1433 2257 1533 2324 redire
1551 2249 1631 2338 primo

454 2365 591 2430 quoque
609 2357 758 2431 tempore
773 2346 943 2432 cupiebat;
962 2345 1076 2430 itaque
1097 2345 1226 2412 diutius
1246 2367 1324 2414 eum
1344 2344 1491 2413 retinere
1505 2339 1631 2436 mihinon
1718 2405 1719 2426 ,

449 2432 558 2500 licuit.
578 2436 641 2500 Est
657 2455 748 2502 nunc
765 2456 898 2504 mecum
920 2436 1117 2522 StaphyluS,
1136 2435 1195 2520 qui
1214 2433 1481 2510 commorabitur
1495 2431 1578 2503 etiam
1589 2429 1629 2492 hic
1718 2449 1719 2452 ¹

448 2545 509 2608 per
524 2525 631 2592 hosce
646 2524 731 2605 dies,
746 2545 831 2610 quos
848 2536 976 2592 uocant
997 2524 1217 2596 caniculares,
1236 2525 1352 2592 Habet
1366 2523 1407 2603 is,
1428 2522 1540 2592 melius
1555 2533 1629 2612 quain

448 2611 535 2680 alius
556 2611 739 2698 quispiam,
763 2613 1010 2682 haereticorum
1031 2613 1179 2681 rationes
1199 2622 1411 2700 perspectae,
1435 2612 1493 2699 qui
1511 2623 1630 2708 quantia

448 2700 645 2770 mirabiliter
668 2702 756 2770 inter
779 2725 816 2770 se
843 2703 1040 2784 dissideant,
1065 2702 1101 2769 in
1123 2706 1189 2769 hoc
1212 2713 1325 2770 tamen
1348 2723 1416 2768 vno
1441 2699 1627 2770 conueniunt,

447 2790 541 2876 quod
553 2813 666 2871 vnam,
680 2801 845 2875 sanctam,
859 2791 1072 2872 catholicam,
1084 2791 1302 2878 apostolicam
1315 2790 1492 2878 ecclesiam
1503 2799 1630 2868 exaequo
1719 2863 1720 2882 χ

446 2891 699 2965 persequuntur
714 2902 845 2950 omnes.
860 2884 893 2949 A
906 2903 961 2949 me
977 2881 1060 2948 nihil
1071 2903 1186 2961 curae,
1200 2879 1409 2967 diligentiae,
1427 2877 1544 2949 laboris
1556 2889 1629 2975 prae-

448 2968 656 3050 termittitur,
669 2980 708 3036 ut
718 2970 842 3056 possim
854 2969 1019 3053 ecclesiis,
1032 2991 1117 3054 quas
1127 2971 1161 3036 in
1171 2969 1212 3038 iis
1225 2969 1323 3037 terris
1332 2969 1367 3035 in
1378 2955 1630 3054 summopenculo

449 3057 577 3125 uersari
593 3058 705 3138 uiden,
724 3081 934 3141 succurrere3
953 3060 1013 3128 sed
1029 3070 1194 3144 quantum
1209 3060 1322 3125 adhuc
1332 3057 1536 3144 profecerim,
1549 3051 1628 3119 uehe-

447 3156 579 3215 menter
597 3169 651 3214 me
667 3148 807 3234 penitet.
826 3150 864 3215 ln
881 3148 1004 3218 uestris
1020 3147 1230 3215 orationibus
1245 3146 1427 3235 plurimum
1440 3143 1568 3226 fiduciae
1576 3132 1629 3204 001·

447 3235 595 3302 locatum
611 3238 732 3318 habe0,
751 3236 876 3322 quibus
892 3247 930 3304 ut
947 3248 1083 3324 praesto
1099 3236 1181 3304 mihi
1202 3258 1335 3324 semper
1356 3258 1432 3304 esse
1447 3231 1572 3308 velletis,
1586 3241 1629 3311 Ρθ·

448 3334 566 3404 terem,
585 3323 650 3391 nisi
666 3328 757 3410 quod
780 3337 833 3392 est
849 3325 884 3393 in
901 3327 1092 3417 prouerbio:
1111 3325 1328 3394 currentibus
1342 3327 1455 3393 calcar
1470 3324 1575 3392 addere
1586 3331 1628 3380 su·

447 3434 697 3498 peruacaneum
708 3437 782 3482 esse
792 3417 964 3484 ducerem.
975 3417 1061 3482 Illud
1072 3438 1212 3502 quaes0,
1225 3414 1307 3482 velit
1318 3416 1408 3502 apud
1420 3415 1542 3481 lllmtlm
1552 3409 1617 3473 D⁰¹¹¹

448 3502 652 3570 cardinalem
675 3505 880 3572 Boromeum
901 3505 1038 3584 instare,
1062 3527 1130 3589 quo
1151 3504 1274 3591 possim
1291 3503 1436 3573 celerius
1451 3503 1492 3570 ad
1507 3521 1548 3575 ea,
1563 3507 1628 3577 quae

449 3589 574 3673 scribo,
593 3614 790 3678 responsum
809 3593 945 3662 habere.
962 3595 1053 3678 Opto
1071 3599 1110 3662 P.
1127 3596 1169 3662 V.
1189 3597 1256 3660 vn'a
1271 3615 1350 3660 cum
1363 3597 1404 3660 P.
1419 3588 1525 3660 Natali
1537 3595 1565 3652 et
1577 3581 1626 3675 Bit

447 3679 547 3746 laneo
561 3691 595 3747 et
612 3681 769 3750 uniuersa
785 3682 841 3748 illa
856 3694 974 3749 saneta
989 3683 1160 3752 Societate
1176 3685 1263 3751 bene
1282 3683 1407 3761 valere,
1425 3680 1518 3747 cuius
1535 3675 1629 3739 oratio-

448 3768 549 3834 nibus
566 3769 687 3835 iterum
705 3786 808 3854 atque
824 3771 946 3840 iterum
959 3793 1013 3838 me
1025 3773 1238 3840 commendo.
1253 3773 1304 3838 Ex
1317 3770 1462 3850 Vienna,
1479 3754 1630 3836 vcalenda-

448 3879 523 3923 rum
538 3858 633 3946 Julii,
652 3882 741 3926 anno
758 3861 896 3936 Domini
914 3883 1022 3928 MDLX.
1042 3861 1201 3929 Eiusdem
1217 3862 1347 3938 Frater,

517 4015 521 4024 ,
812 3951 1052 4030 stanneus,
1072 3969 1265 4018 EPISCOPUS
1284 3968 1510 4016 VARMIENSIS.

519 4037 561 4101 lu
583 4043 685 4120 porte
713 4039 882 4127 infcriori
907 4041 1046 4126 primae
1068 4041 1234 4126 paginae:
1266 4040 1305 4105 P.
1336 4037 1474 4105 Lainez.
1501 4030 1630 4104 Alerg⁰³

447 4337 511 4374 eam
526 4321 631 4375 melius
643 4319 798 4391 intelligas,
810 4322 849 4376 cf.
861 4323 1000 4392 epistolas
1014 4325 1046 4378 B.
1062 4321 1172 4378 Canisii
1186 4331 1216 4377 et
1225 4321 1262 4377 ad
1271 4311 1366 4394 ipsum
1377 4321 1460 4377 datas
1473 4339 1488 4375 a
1500 4297 1631 4374 diewl¹³l¹

447 4391 484 4447 ad
500 4405 510 4446 1
533 4393 603 4462 Julii
622 4409 698 4447 anno
719 4395 797 4462 1560,
816 4395 892 4465 apud
911 4397 1177 4464 BanuusBanGER,
1191 4395 1246 4449 loc.
1267 4395 1330 4464 cit,
1350 4395 1389 4462 11,
1410 4371 1630 4462 637.671,E1b³‚⁰

446 4463 570 4530 aliisque
584 4463 728 4519 similibus
742 4465 827 4536 hujus
841 4465 1010 4536 appendicis
1024 4465 1156 4537 epistolis
1174 4483 1280 4520 causae
1299 4464 1388 4520 etiam
1403 4465 1537 4520 variarum
1548 4438 1630 4507 ΝἏῘἏ113

449 4536 479 4590 in
493 4534 680 4590 Germaniam
696 4535 864 4590 missionum
879 4537 998 4592 uberius
1012 4536 1202 4592 illustrantur.

504 4609 511 4640 ¹
551 4607 677 4676 Vulgata
691 4607 780 4660 editio
794 4608 833 4660 ita
849 4610 946 4662 hahet:
963 4609 1045 4664 «Non
1060 4618 1105 4664 est
1118 4626 1191 4684 opus
1210 4606 1376 4668 valentibus
1394 4605 1515 4674 medico,
1527 4589 1568 4655 sed
1578 4577 1631 4640 ‘¹¹⁸¹‘

448 4678 654 4734 habentibus.»
669 4679 787 4746 hlium,
803 4679 853 4747 IX,
871 4693 912 4734 12.
