3544 5390
725 441 891 500 1111611611(
1133 509 1138 520 ,
1362 440 1417 503 60³
1464 515 1467 522 ¹

191 597 329 666 tendolo
343 600 493 665 anchora
507 619 605 666 come
620 595 810 684 bisognaua
826 588 1057 684 augmentare
1082 599 1114 666 A
1131 607 1252 684 questo
1268 599 1415 686 collegio

188 679 247 774 p'oi
269 688 306 755 111
326 686 491 774 aggionto
510 688 533 753 l’
556 685 727 754 authorita
746 686 790 754 de
809 707 877 752 vna
897 685 1105 768 uniuersita,
1129 708 1194 755 eon
1214 687 1414 774 amplissimi

188 776 358 862 priuilegij
376 777 446 844 dati
462 777 506 843 da
526 777 634 844 Paulo
657 795 676 860 3
698 773 840 930 aduno
858 795 890 859 3,
908 775 943 841 di
966 776 1067 844 Carlo
1088 778 1120 844 V
1142 787 1177 844 et
1197 777 1414 845 Ferdinando

187 865 309 951 primo.
335 868 392 934 Ha
413 868 543 932 hauuto
566 864 653 934 assai
677 865 733 932 lau
758 865 856 931 euole
878 885 1082 950 progresso,
1105 875 1140 933 et
1158 864 1188 932 si
1209 865 1243 933 io
1264 869 1411 936 hauesse

185 965 329 1040 possuto
344 953 546 1022 continuare
562 953 687 1022 valenti
699 963 734 1020 et
746 952 858 1019 stabili
870 953 998 1034 lettori‚
1012 976 1115 1021 senza
1127 955 1194 1021 salo
1206 955 1241 1021 di
1252 957 1291 1023 se
1303 966 1413 1024 stesso

187 1043 277 1112 sen'a
292 1044 472 1112 cresciuto.
491 1044 529 1113 Si
550 1046 593 1110 ha
612 1045 698 1110 fatto
718 1041 896 1129 gagliardo
917 1041 1081 1129 principio
1097 1042 1131 1109 di
1154 1043 1293 1111 fabrica.
1313 1045 1350 1114 S’
1369 1049 1413 1112 ha

186 1143 387 1202 consecrato
402 1155 469 1200 vna
484 1133 613 1220 capella
628 1132 663 1198 in
679 1153 781 1199 nome
797 1141 832 1199 et
852 1133 983 1200 honore
999 1133 1034 1197 di
1049 1133 1122 1202 S.t⁰
1138 1133 1351 1202 Hieronimo.
1371 1135 1409 1204 S’

186 1224 232 1288 ha
248 1217 419 1310 aquista'to
436 1241 519 1306 1466
534 1221 645 1289 fiorini
665 1222 708 1289 de
728 1220 860 1288 intrade
881 1229 1055 1306 perpetue.
1079 1222 1116 1291 S'
1133 1223 1179 1289 ha
1204 1223 1321 1290 dotato
1343 1245 1409 1290 con

185 1313 294 1380 molte
310 1311 462 1399 reliquie,
480 1310 640 1397 clynodij,
659 1309 849 1378 ornamenti
864 1319 900 1376 et
915 1309 1102 1395 paramenti
1118 1311 1351 1379 ecclesiastici.
1371 1314 1409 1382 S'

185 1402 232 1492 lia
248 1401 335 1468 tatto
351 1412 482 1468 rectore
497 1422 562 1468 con
577 1420 727 1486 capuzzo
742 1409 777 1467 et
788 1409 936 1484 sceptro,
950 1398 1062 1486 sigillo
1074 1398 1109 1465 di
1123 1401 1159 1468 S.
1168 1408 1198 1456 to
1211 1401 1412 1470 Hieronimo

185 1490 344 1576 sculpito.
359 1491 457 1557 infin
472 1492 491 1556 e
508 1490 632 1557 andato
645 1497 741 1555 tanto
755 1487 904 1567 innanzi,
922 1490 997 1568 che,
1019 1497 1056 1555 se
1071 1487 1138 1556 Dio
1155 1489 1201 1554 mi
1217 1492 1261 1557 da
1276 1492 1309 1558 la
1324 1491 1408 1573 vita,

186 1600 256 1645 non
272 1581 293 1645 ὁ
308 1578 413 1646 dubio
428 1583 492 1646 che
507 1582 583 1646 sera
598 1577 747 1646 stabilito
762 1587 798 1646 et
814 1598 925 1643 messo
940 1586 1031 1643 sotto
1048 1578 1094 1644 tal
1109 1579 1326 1665 protettione,
1345 1583 1409 1648 che

186 1667 210 1733 li
226 1667 416 1736 successori
430 1690 501 1735 non
516 1667 671 1755 potriano
688 1667 738 1733 far
758 1666 959 1734 mutatione.

255 1759 294 1824 In
306 1767 427 1843 questo
439 1757 472 1823 io
485 1779 554 1824 non
564 1759 608 1822 ho
620 1754 822 1824 maicercato
832 1776 920 1822 vana
930 1753 1050 1841 gloria,
1060 1777 1165 1824 ouero
1175 1756 1277 1826 laude
1288 1759 1412 1827 huma·
1446 1781 1452 1798 ·

187 1867 244 1925 na,
263 1867 319 1912 ma
339 1846 412 1914 solo
435 1845 458 1912 il
478 1845 619 1914 seruitio
640 1847 683 1912 da
702 1843 781 1926 Dio,
804 1854 839 1912 et
858 1865 918 1930 per
936 1863 1039 1911 cauar
1060 1845 1216 1926 ministri,
1239 1849 1409 1934 parrochi,

188 1935 311 2021 praeti,
335 1933 461 2015 clerici,
487 1933 657 2014 monachi,
680 1931 817 2000 maestri
833 1933 868 1999 di
887 1934 1020 2014 schola,
1039 1945 1074 2002 et
1098 1936 1188 2002 bona
1203 1935 1409 2006 educatione

190 2023 223 2088 di
247 2023 332 2090 laici.
356 2024 393 2092 S'
416 2026 538 2093 adesso
558 2023 591 2090 io
607 2025 640 2089 lo
655 2025 826 2090 douuesse
841 2021 1050 2108 estinguere,
1068 2023 1137 2090 rion
1157 2025 1297 2094 credero
1312 2037 1409 2113 pote·

190 2113 243 2179 rlo
266 2114 337 2181 1616
359 2134 461 2180 senza
480 2112 549 2179 mia
569 2121 679 2180 morte
694 2123 728 2178 et
744 2109 912 2192 calamita,
930 2132 1084 2197 espressa
1099 2133 1160 2198 per
1174 2113 1198 2179 il
1217 2115 1313 2181 dolor
1336 2125 1372 2182 61
1386 2115 1410 2182 11

192 2203 357 2289 scrupulo
380 2204 445 2268 6116
460 2199 608 2270 senteria
623 2201 658 2268 di
674 2212 796 2285 questo
818 2211 1067 2282 mancamento,
1089 2203 1250 2270 hauendo
1270 2202 1304 2270 io
1325 2203 1410 2272 fatto
1508 2199 1513 2210 '

189 2311 293 2377 sopra
313 2291 367 2358 cio
382 2290 441 2378 piu
460 2292 551 2359 volte
566 2301 647 2356 voto
663 2292 815 2371 solenne,
834 2300 868 2357 et
884 2311 987 2358 senza
998 2289 1158 2358 iactantia
1173 2294 1304 2358 hauuto
1316 2293 1411 2377 qual·

188 2383 252 2447 che
276 2379 496 2466 inspiratione
515 2380 607 2448 circa
628 2390 761 2464 questo.
791 2377 894 2446 Siche
922 2400 977 2447 me
1004 2379 1173 2465 reputarei
1201 2380 1348 2468 indegno
1375 2382 1410 2449 di

188 2469 269 2549 vita,
299 2481 334 2538 et
353 2470 497 2538 sarebbe
524 2469 673 2554 periculo
700 2469 765 2536 che
791 2489 941 2534 morasse
967 2468 1160 2554 desperato.
1184 2468 1286 2540 Siche
1302 2493 1409 2558 prego

188 2559 231 2626 V.
252 2561 294 2625 R.
313 2561 355 2625 Ρ.
374 2568 408 2626 61
421 2557 505 2646 ogni
516 2557 700 2625 christiano
716 2558 763 2622 m'
779 2555 882 2624 habbi
898 2557 1144 2642 compassione,
1163 2558 1408 2628 considerando

187 2646 211 2713 il
230 2647 299 2714 mio
321 2648 540 2716 fondamento
556 2668 648 2716 esser
663 2667 724 2733 per
739 2645 763 2711 il
790 2643 930 2714 seruitio
956 2645 991 2712 di
1015 2647 1152 2714 Christo
1181 2659 1216 2717 et
1239 2650 1407 2718 necessita

138 2759 146 2776 ·
185 2737 275 2803 (16116
298 2736 366 2803 mia
387 2736 528 2818 diocesi,
554 2737 642 2802 nella
664 2736 765 2820 quale
784 2755 951 2802 mancano
971 2735 1056 2802 tanti
1084 2746 1118 2804 et
1141 2736 1225 2804 tanti
1246 2737 1403 2807 ministri.

186 2825 257 2910 Qui
279 2825 346 2892 mia
366 2827 641 2894 conscienzame
662 2824 830 2911 astringe,
852 2834 983 2891 mentre
1007 2827 1070 2892 che
1090 2825 1183 2908 viuo,
1208 2827 1258 2892 161
1278 2838 1406 2912 quanto

185 2936 300 3002 posso,
322 2937 392 2982 non
413 2917 570 2983 temendo
590 2914 613 2979 li
633 2912 774 3000 periculi
797 2923 832 2982 et
855 2913 998 2980 minacci
1015 2913 1116 3000 (16ροί
1142 2915 1174 2981 16
1195 2915 1262 2982 11116
1283 2927 1403 2985 1116116.

186 3005 293 3084 Dioe
313 3005 348 3071 di
367 3027 481 3091 sopra,
499 3028 519 3073 e
540 3003 771 3090 onnipotente:
791 3002 898 3070 faccia
913 3003 1026 3088 quello
1042 3005 1105 3070 che
1124 3003 1149 3069 li
1165 3027 1246 3090 pare
1261 3017 1296 3072 et
1313 3007 1407 3093 piac-

155 3125 161 3135 ·
187 3113 239 3177 ce,
257 3104 293 3160 et
307 3094 341 3160 io
356 3099 391 3159 n'
409 3096 455 3161 ho
469 3094 513 3160 da
529 3113 621 3160 esser
636 3102 797 3160 contento
812 3102 847 3157 et
861 3092 1014 3159 laudarlo
1029 3113 1174 3179 sempre.
1214 3131 1217 3136 ·

255 3185 312 3252 Ma
328 3205 387 3270 per
406 3183 634 3251 confessarrne
649 3182 703 3250 del
719 3181 839 3249 intiero
854 3201 970 3263 cuore,
985 3179 1018 3248 io
1030 3203 1099 3249 non
1110 3183 1155 3248 ha
1171 3182 1219 3250 rei
1235 3183 1406 3254 ardimen·

187 3281 223 3338 to
249 3273 283 3338 d'
313 3273 523 3359 estinguere,
551 3271 771 3358 supprimere,
800 3290 906 3338 ouero
932 3271 1114 3340 transferre
1144 3271 1168 3337 il
1198 3272 1345 3361 collegio
1372 3274 1406 3339 di

186 3362 222 3430 S.
232 3369 262 3414 10
278 3361 479 3429 Hieronimo
494 3363 538 3428 da
553 3359 704 3446 Dilinga‚
722 3369 757 3428 et
776 3380 860 3426 sono
881 3359 994 3426 sicuro
1009 3364 1073 3427 che
1093 3383 1242 3430 nessuna
1258 3384 1338 3429 cosa
1353 3385 1407 3431 me

185 3461 322 3538 potesse
338 3461 434 3520 tanto
450 3451 626 3518 consolare
642 3452 706 3518 che
726 3448 760 3515 io
779 3471 849 3515 non
869 3449 959 3516 losse
980 3448 1014 3514 in
1036 3448 1187 3536 periculo
1207 3453 1249 3518 de
1270 3473 1407 3520 cascere

185 3541 222 3606 in
246 3540 495 3628 desperatione,
513 3561 609 3608 come
629 3549 823 3605 mancatore
838 3537 894 3603 del
908 3548 989 3604 voto
1004 3539 1075 3604 cosi
1090 3540 1229 3607 solenne
1244 3541 1300 3609 del
1315 3539 1421 3608 iura-5

185 3639 315 3714 mento,
344 3640 379 3700 et
392 3631 483 3698 'dell'
513 3627 732 3716 inspiratione
753 3641 948 3695 veramente
966 3626 1093 3695 diuina.
1117 3628 1220 3697 Siche
1245 3651 1346 3716 sopra
1372 3629 1406 3696 di

184 3729 307 3804 questo
328 3742 400 3787 non
420 3718 566 3806 bisogna
584 3739 727 3806 pensare
753 3716 788 3782 di
815 3725 967 3803 poterme
994 3715 1131 3786 vincere
1150 3739 1187 3784 se
1203 3739 1274 3785 non
1293 3741 1359 3786 con
1375 3720 1408 3785 la

184 3819 304 3876 morte.
590 3875 594 3882 ,

251 3901 310 3966 Μ6
325 3895 446 3983 poiche
462 3918 522 3982 per
537 3895 733 3983 esperienza
747 3894 791 3961 de
811 3915 834 3960 x
851 3891 930 3960 anni
946 3903 981 3961 et
1001 3911 1038 3960 12
1055 3893 1091 3960 in
1107 3916 1173 3980 qua
1188 3897 1234 3962 ho
1250 3895 1407 3966 conside·

185 3997 260 4054 rato
280 3987 304 4053 li
319 3985 563 4069 mancamenti,
585 3984 677 4070 quali
696 4005 780 4050 sono
801 4003 941 4058 occorso
961 3983 1026 4048 allo
1046 3983 1194 4070 collegio
1213 3995 1247 4051 et
1268 3984 1406 4053 vniuer-
1433 4037 1436 4046 ,

185 4075 250 4145 sita
265 4076 300 4143 di
315 4075 467 4164 Dilinga,
489 4079 533 4142 ho
551 4083 685 4143 trouato
704 4072 816 4139 chela
831 4071 993 4138 continua
1013 4072 1199 4140 mutatione
1219 4084 1254 4140 et
1268 4070 1407 4161 parten-

186 4169 239 4231 za'
252 4165 333 4234 delli
359 4164 586 4252 praeceptori,
604 4161 741 4230 maestri
768 4170 802 4229 et
823 4160 937 4227 lettori
957 4161 1002 4227 ha
1023 4162 1107 4228 fatto
1127 4161 1259 4230 infinito
1279 4165 1405 4244 danno,

185 4277 254 4322 non
269 4255 342 4334 solo
358 4254 448 4321 circa
463 4255 496 4321 la
510 4251 670 4354 dottrina,
684 4273 739 4318 rna
751 4251 899 4317 anchora
910 4248 1001 4316 61166
1015 4250 1039 4316 11
1055 4252 1199 4318 costumi
1214 4264 1250 4319 et
1265 4253 1407 4320 esserci-

185 4343 222 4430 tij
240 4343 461 4412 ecclesiastici
477 4353 511 4409 et
530 4342 563 4409 la
584 4340 772 4427 disciplina.
791 4338 894 4408 Siche
914 4338 947 4406 io
962 4338 1008 4404 mi
1024 4350 1124 4406 trouo
1143 4343 1291 4409 sforzato
1306 4342 1341 4409 di
1357 4343 1407 4410 161

185 4434 331 4518 qualche
351 4442 543 4519 opportuna
563 4428 773 4517 pronissione
795 4451 855 4514 per
875 4427 1104 4497 stabilimento
1123 4441 1159 4498 et
1180 4432 1346 4500 fermezza
1360 4431 1407 4498 dil

184 4525 280 4592 detto
295 4521 441 4608 collegio
457 4532 491 4590 et
507 4519 693 4587 uniuersita
708 4520 751 4586 de
766 4517 918 4604 Dilinga,
936 4528 982 4598 et,
1002 4517 1056 4604 poi
1073 4520 1104 4587 la
1120 4519 1338 4588 inuocatione
1352 4522 1407 4588 del

184 4603 351 4698 cohsiglio
367 4610 497 4694 diuino,
515 4612 560 4676 ho
575 4610 706 4697 perlato
721 4629 786 4675 con
801 4606 825 4673 il
841 4606 924 4675 R.d0
942 4608 1051 4674 Patlre
1063 4609 1198 4695 Laynes
1208 4619 1244 4678 et
1258 4609 1281 4677 il
1299 4612 1409 4678 Padre
