3504 5386
620 435 654 493 27
674 423 873 482 surrexeris
894 423 963 494 1⁵⁶4
1346 441 1401 498 521*

171 575 310 644 ficulter
332 575 506 662 Tymauia
525 573 697 664 permittit.
723 576 813 644 Tum
834 574 910 642 libri
930 575 977 644 ibi
1001 579 1137 648 desunt:
1161 589 1263 667 urget
1286 591 1404 650 tamen

172 691 296 760 Rmus.
319 701 355 762 et
374 689 508 760 ciuitas.
531 693 605 760 Nec
625 702 678 760 est
696 689 873 759 immemor
890 694 1009 762 Rmus.
1027 693 1271 780 promissionis,
1294 718 1398 782 quam

170 815 254 874 ante
269 803 445 874 biennium
462 805 594 874 romani
611 809 731 874 Patres
746 805 794 872 illi
810 827 871 892 per
885 806 1015 876 litteras
1028 809 1192 878 fecerunt.
1212 811 1298 878 Nam
1311 813 1396 880 scri·

171 931 318 1007 pserunt
333 943 387 988 me
407 943 475 988 non
495 921 637 997 debere,
659 920 733 988 sine
755 921 931 990 uoluntate
951 922 1039 992 Rmi.
1058 923 1263 1009 Tymauiae,
1285 925 1401 996 disce--

171 1037 266 1104 dere.
282 1037 381 1104 Vnde
397 1035 550 1124 proxime
564 1034 647 1102 mihi
663 1034 759 1104 dixit:
781 1035 872 1103 «Vos
887 1035 989 1105 uultis
1001 1036 1142 1113 nimium
1155 1041 1279 1126 rogari:
1294 1043 1396 1112 debe·

172 1149 257 1219 retis
276 1149 359 1218 mihi
382 1150 528 1236 aliquem
555 1149 757 1236 obsequium
783 1161 972 1242 praestare:
1001 1150 1064 1218 soli
1084 1153 1248 1224 uidemini
1263 1177 1398 1242 sapere:

171 1277 307 1352 oportet
323 1264 358 1332 in
374 1267 477 1335 rebus
488 1265 632 1354 agendis
644 1264 786 1332 aliorum
798 1263 900 1332 etiam
912 1267 1053 1335 consilio
1067 1268 1149 1336 utir:
1164 1291 1269 1358 aegre
1280 1273 1401 1340 ferunt·

172 1361 325 1469 promitti
338 1391 373 1449 et
389 1403 459 1448 non
473 1379 649 1468 praestari.

238 1515 273 1580 4.
321 1495 385 1566 Fui
402 1495 481 1564 inde
500 1495 626 1562 missus
648 1495 691 1560 ad
711 1493 777 1560 alia
795 1495 872 1562 loca
891 1494 926 1561 in
946 1507 1082 1582 pascate
1104 1500 1148 1566 ad
1163 1502 1345 1572 conciones
1359 1516 1398 1571 et·

170 1611 406 1680 confessiones
420 1611 474 1678 bis
494 1614 559 1678 hoc
579 1632 679 1678 anno.
701 1611 785 1678 Item
805 1621 995 1697 compatre
1016 1614 1156 1681 Vrbano
1177 1617 1391 1686 Passauium.

171 1728 238 1814 Egi
258 1729 421 1794 lectorem
442 1726 628 1812 scripturae
648 1725 683 1792 in
704 1724 942 1807 vniuersitate,
965 1727 1021 1794 cui
1041 1729 1177 1798 lectioni
1199 1733 1400 1818 frequenter

168 1843 313 1911 nuntius
322 1853 467 1912 venetus
478 1835 643 1910 interfuit.
658 1844 735 1930 Jam
751 1861 835 1909 uero
851 1851 886 1908 et
899 1843 1060 1910 lectorem
1072 1855 1108 1912 et
1119 1847 1393 1916 concionatorem

168 1956 307 2046 collegii
317 1979 394 2044 ago.
406 1959 444 2024 In
455 1955 608 2042 proximo
619 1955 740 2024 itinere
751 1955 840 2023 intra
849 1969 983 2026 montes
990 1960 1140 2028 Danubii
1150 1963 1299 2030 occurrit
1310 1965 1393 2032 mihi

167 2071 506 2157 haereticusquidam
515 2091 631 2140 secum
642 2071 752 2138 ferens
760 2081 1001 2141 testamentum
1009 2095 1184 2160 graecum,
1198 2079 1256 2162 qui
1267 2059 1395 2166 primo,¹

131 2267 136 2276 ¹
166 2211 231 2258 cur
243 2189 395 2276 gladium
412 2209 481 2254 non
497 2196 680 2274 gestarem,
697 2185 820 2255 deinde
831 2208 893 2254 cur
908 2209 1045 2257 uxorem
1058 2211 1126 2256 non
1138 2193 1299 2262 ducerem
1311 2216 1391 2281 pro·

165 2304 293 2392 posuit:
308 2302 397 2370 illusi
409 2301 592 2370 hominem:
611 2301 709 2386 «qnia
721 2322 788 2367 non
803 2322 941 2387 possum
953 2325 1007 2370 me
1020 2325 1161 2374 onerare
1172 2307 1207 2373 in
1220 2309 1288 2376 uia:
1303 2321 1350 2391 et,
1362 2311 1396 2378 si.

165 2419 245 2506 quis
257 2417 403 2486 uoluerit
415 2439 469 2484 me
481 2427 671 2504 percutere,
681 2415 830 2483 exibebit
843 2416 1028 2503 gladium.»
1039 2422 1092 2487 De
1105 2423 1157 2488 2.⁰
1169 2447 1211 2491 ex
1223 2425 1392 2511 scriptura

165 2534 237 2604 dixi
253 2533 375 2612 melius
391 2553 465 2602 esse
480 2533 509 2598 si
530 2532 579 2598 sic
594 2543 822 2618 permansero.
837 2533 907 2611 Ille,
926 2533 1068 2602 «missus
1080 2558 1191 2618 sum»,
1208 2539 1330 2625 inquit,
1352 2564 1397 2608 aa

166 2649 297 2738 Spiritu
318 2650 446 2734 Sancto
466 2658 505 2715 ut
525 2659 559 2714 te
585 2657 794 2715 conuertam.
824 2649 925 2730 Nam,
955 2669 1033 2716 cum
1055 2650 1103 2716 sis
1122 2654 1259 2733 doctus,
1284 2657 1396 2722 multa.

166 2769 257 2834 bona
272 2766 307 2832 in
323 2764 466 2834 ecclesia
478 2765 590 2830 facere
602 2761 740 2850 poteris,
756 2771 790 2830 et
802 2772 934 2848 oportet
947 2774 981 2832 te
993 2765 1185 2851 relinquere
1197 2770 1387 2839 ordinem».

164 2882 232 2950 Cui
253 2903 321 2968 ego
341 2901 420 2947 eum
440 2878 644 2948 inebriatum
665 2875 815 2946 uiderem
842 2877 1022 2948 hincinde
1042 2881 1275 2965 uacillantem‚
1301 2908 1389 2953 «non

158 2997 299 3066 habitat
314 2994 461 3082 Spiritus
472 2995 621 3064 Sanctus
636 2993 671 3058 in
687 2992 954 3076 ebriis›2.-«At,
972 2994 1093 3080 inquit,
1108 2997 1264 3084 discipuli
1276 3014 1393 3069 musto

166 3113 257 3201 pleni
274 3123 404 3193 erant»;
422 3121 457 3178 et
473 3109 551 3194 quia
567 3108 665 3196 pluit,
683 3118 718 3176 et
735 3107 790 3175 uia
809 3108 939 3175 lubrica
959 3121 1047 3190 erat,
1070 3113 1193 3182 cecidit
1213 3113 1386 3200 inlutum,

165 3252 229 3297 nos
249 3249 415 3296 accusans
436 3226 514 3311 quia
535 3223 745 3292 orauerimus
765 3235 884 3290 contra
904 3223 1026 3309 ipsum.
1050 3227 1175 3294 lterum
1196 3231 1392 3316 assequitur

164 3344 420 3432 praecedentes
434 3352 468 3407 et
485 3339 542 3407 ait:
565 3366 577 3400 a
584 3340 659 3425 Ego
676 3359 738 3423 pro
755 3339 977 3406 conuersione
993 3342 1045 3408 lac
1058 3340 1119 3408 tibi
1132 3365 1294 3430 propono
1309 3350 1395 3415 nolo

163 3459 255 3527 enim
282 3455 458 3525 altioribus
486 3466 597 3521 tecum
622 3453 917 3539 agerem-«Nolo
943 3454 1094 3540 inquam,
1125 3470 1184 3524 tuo
1212 3460 1300 3529 lacte
1323 3486 1388 3531 nec

163 3573 319 3642 scientia:
337 3594 406 3638 non
422 3581 556 3656 oportet
572 3568 735 3655 magistro
752 3568 801 3633 uti
817 3591 877 3654 pro
897 3569 1097 3656 discipulo».
1125 3573 1246 3643 Adfert
1263 3579 1394 3644 multas

161 3690 242 3758 inde
257 3687 443 3774 scripturas
459 3697 647 3764 truncatas;
667 3705 751 3768 quas
767 3683 901 3770 integre
917 3686 1074 3768 recitans,
1097 3687 1258 3774 ineptiam
1275 3693 1385 3759 homi-

161 3807 215 3873 nis
231 3801 446 3889 reprehendi.
465 3804 596 3870 Interea
613 3809 796 3885 tempestas
812 3800 931 3881 oritur,
950 3801 1098 3868 tonitrua
1113 3804 1310 3873 audiuntur:
1330 3808 1386 3876 ille

162 3919 284 4006 inquit:
307 3917 437 3986 «Video
455 3928 488 3983 te
504 3913 723 3982 obstinatum:
742 3915 852 3980 habeo
868 3926 1069 4001 potestatem
1086 3920 1252 3986 euocandi
1269 3921 1385 4009 ignem

162 4039 205 4106 de
220 4037 328 4114 caelu,
345 4032 404 4119 qui
421 4043 455 4100 te
470 4032 626 4098 absumat
633 4031 764 4097 ».-«O
781 4029 952 4096 miserum!
972 4053 1050 4098 cum
1066 4032 1113 4100 sis
1127 4033 1320 4104 uinolentus
1333 4041 1385 4106 fa-

161 4165 216 4220 cta
231 4161 428 4219 sanctorum
445 4148 505 4214 tibi
521 4145 672 4214 ascribis:
691 4156 829 4232 paratus
845 4169 920 4214 sum
936 4147 1005 4233 pati
1022 4146 1050 4215 si
1066 4150 1192 4236 poteris
1202 4154 1269 4218 hoc
1285 4175 1391 4239 prae--

161 4281 286 4337 stare.»
306 4267 457 4332 Tandem
476 4265 581 4330 multa
595 4260 744 4339 conuitio
760 4260 795 4328 in
811 4283 932 4348 papam
945 4263 1100 4332 coniecit.
1119 4265 1215 4347 «His,
1230 4267 1383 4354 inquam,

161 4399 262 4472 putas
288 4393 322 4450 te
343 4381 465 4447 uicisse
485 4388 604 4446 contra
624 4375 877 4464 euangelium».
901 4380 999 4444 Tunc
1019 4381 1190 4461 veranus,
1214 4385 1300 4452 haee
1320 4407 1382 4451 au-

160 4502 270 4582 diens,
294 4519 458 4565 accensus
478 4495 536 4560 ait:
563 4492 708 4580 «Impius
729 4514 782 4574 eS,
804 4493 958 4576 discede3
982 4517 1025 4560 ne
1045 4507 1080 4561 et
1100 4517 1163 4562 nos
1185 4509 1297 4565 tecum
1318 4503 1390 4568 hac

160 4623 364 4705 tempestate
380 4633 590 4699 pereamus.»
610 4611 820 4693 Frequenter
832 4618 944 4676 tamen
962 4611 1120 4678 conuitiis
1136 4633 1198 4681 nos
1214 4625 1249 4682 et
1261 4637 1388 4703 papam
