3604 5380
708 443 740 498 18
758 441 922 501 Ocroems
943 443 1012 514 1562

815 709 904 772 m

596 825 631 882 Ρ.
652 823 836 897 Jonunas
853 826 908 881 nn
923 821 1124 885 ‘merome

445 942 1032 1032 PATRIHIUERONYMO
1064 945 1274 1012 NADAL

606 1069 759 1126 viennen,
775 1054 807 1111 18
821 1068 979 1113 ocromus
995 1057 1064 1126 1562
1085 1061 1109 1113 ⁴.

232 1186 262 1227 1.
285 1172 467 1228 Tridentum
474 1171 689 1245 profecturum
702 1189 731 1228 se
741 1173 891 1228 dicia-2.
905 1173 1177 1229 Animadversioni
1185 1176 1338 1231 sodalium
1347 1193 1474 1232 meorum

294 1263 557 1319 libentionimose
578 1261 778 1333 subjicit-3.
807 1263 897 1332 Quod
919 1262 961 1318 od
984 1261 1119 1335 officium
1139 1264 1197 1320 sibi
1213 1266 1473 1339 committendum,

290 1353 462 1425 praepositi
476 1351 634 1408 Soeietotis
648 1351 760 1407 liberae
777 1351 932 1407 voluntati
947 1351 982 1407 id
994 1355 1125 1424 prorsus
1146 1354 1306 1425 relinquit,
1316 1357 1358 1410 nd
1370 1358 1475 1411 omnin

290 1445 437 1514 paratus.

817 1556 892 1699 Jiiss.

290 1773 316 1822 1.
365 1754 488 1822 Gratia
504 1763 616 1840 etpax
644 1753 739 1840 Xpi,
757 1756 1025 1840 etc-Despues
1052 1755 1096 1821 de
1116 1756 1223 1821 hauer
1242 1756 1410 1823 escusado
1424 1756 1471 1822 mi

237 1871 296 1937 ida
311 1876 332 1937 a
347 1873 478 1938 Trento
497 1891 542 1938 en
562 1870 688 1958 praga,
705 1871 773 1936 han
795 1869 940 1938 tornado
961 1874 1040 1956 aqui
1068 1879 1160 1938 estos
1188 1871 1318 1940 Padres
1345 1877 1365 1938 a
1385 1893 1469 1939 con-

237 1986 336 2072 cluyr
352 2007 420 2073 que
435 2008 481 2072 yo
496 2007 596 2071 uaya.
616 1987 648 2052 Y
664 2007 730 2053 con
746 1985 826 2052 todo
842 1995 916 2054 esto
932 2007 986 2053 me
1002 1987 1046 2052 he
1062 1985 1222 2054 detenido
1235 1987 1384 2073 algunos
1395 1989 1469 2056 dtas

237 2106 318 2186 aqui
332 2123 397 2188 por
412 2123 550 2188 esperar
565 2107 585 2168 a
602 2103 645 2167 V.
666 2102 707 2168 R.
723 2100 769 2167 Al
780 2101 841 2180 fin,
855 2099 1060 2186 pareziendo
1071 2122 1126 2167 scr
1137 2100 1330 2169 necessaria
1340 2103 1374 2168 la
1385 2103 1465 2188 yda,

235 2237 352 2302 yque,
369 2222 482 2304 segim
498 2217 562 2283 mis
577 2226 774 2302 conceptos
789 2237 924 2301 avnque
936 2216 980 2282 V.
1000 2217 1041 2282 R.
1057 2215 1410 2303 estuuiesseaqu1‚yo
1422 2239 1466 2285 no

233 2337 324 2428 seria
338 2331 545 2415 necessari03
568 2353 630 2418 por
649 2353 695 2398 no
715 2341 806 2399 ester
826 2329 956 2414 ocioso,
978 2331 1022 2398 he
1050 2331 1239 2400 tomadoel
1265 2331 1399 2418 partido
1422 2334 1466 2402 de

230 2448 388 2516 concluir
402 2450 436 2518 el
450 2447 597 2536 negocio
612 2448 832 2527 comenzado,
849 2447 905 2514 del
921 2447 1002 2532 qual
1021 2446 1227 2514 informaran
1243 2453 1305 2514 aea
1320 2453 1341 2514 a
1358 2449 1402 2516 V.
1421 2451 1463 2517 R.

302 2581 335 2632 2.
385 2565 526 2650 Quanto
540 2565 607 2630 alo
618 2564 734 2631 demis
745 2566 923 2649 parezeme
939 2583 1006 2648 que
1021 2584 1066 2648 yo
1077 2583 1123 2628 no
1134 2563 1179 2631 he
1191 2563 1235 2628 dc
1245 2561 1339 2648 decit
1350 2565 1393 2631 de
1404 2570 1463 2647 mi,

230 2678 269 2746 ni
284 2681 331 2748 de
346 2681 398 2747 los
413 2689 520 2759 otros,
543 2679 578 2744 ni
598 2680 642 2748 de
662 2677 833 2766 negotios‚
863 2683 884 2744 6
904 2699 1068 2746 comunes
1087 2682 1108 2744 ό
1129 2677 1363 2764 particularem
1385 2701 1466 2747 cosa

229 2794 403 2882 ninguna‚
419 2795 507 2863 fasta
519 2816 585 2881 que
601 2814 645 2861 en
660 2804 754 2862 estos
773 2793 939 2880 collegios
961 2793 1076 2861 donde
1094 2815 1139 2878 yo
1159 2795 1203 2860 he
1219 2795 1353 2861 andndo
1368 2817 1391 2881 y
1408 2817 1464 2864 es-

230 2911 327 2990 tadn,
344 2911 412 2978 den
428 2915 449 2977 a
464 2912 508 2978 V.
528 2911 568 2977 R.
585 2907 809 2978 informacion
824 2910 867 2976 de
884 2909 976 2976 todo.
1000 2910 1122 2976 Hccho
1143 2919 1230 2990 estc,
1250 2921 1377 2995 quanto
1393 2916 1414 2977 a
1429 2913 1463 2979 lo

227 3045 301 3111 que
317 3031 434 3094 tocara
448 3030 470 3092 a
484 3030 530 3092 mi
546 3047 590 3095 en
606 3024 801 3112 particular,
819 3046 864 3111 yo
880 3047 935 3093 me
955 3035 1086 3092 someto
1107 3031 1127 3090 a
1146 3027 1179 3091 la
1198 3024 1422 3110 sindicatma,
1438 3051 1462 3114 y

225 3149 248 3208 a
264 3143 300 3208 lo
316 3163 396 3226 que,
410 3141 511 3221 vista,
529 3163 585 3208 me
600 3141 773 3226 quisieren
787 3140 953 3228 imponer;
971 3161 1103 3227 porque
1117 3145 1155 3208 se
1174 3141 1255 3207 bien
1271 3163 1316 3208 no
1334 3143 1461 3209 serani

226 3267 328 3324 tanto
343 3278 443 3323 como
459 3278 503 3342 yo
519 3277 686 3336 merezc0‚
704 3255 741 3322 ni
757 3266 915 3342 tampoco
928 3278 1010 3342 para
1020 3267 1210 3342 apartarme
1223 3257 1279 3326 dcl
1291 3279 1385 3325 amor
1399 3259 1462 3326 de-

225 3371 313 3439 bido
324 3379 344 3438 a
355 3371 444 3440 Dios
456 3373 500 3439 N.
516 3372 552 3441 S.
567 3377 622 3458 ya
639 3372 696 3438 la¹
711 3373 899 3458 Compania
911 3373 936 3438 ⁸.
955 3373 1096 3457 Quanto
1112 3379 1132 3438 a
1148 3373 1201 3439 los
1215 3373 1375 3459 negotios
1389 3374 1462 3442 dire

285 3600 293 3630 ¹
331 3597 377 3650 Ex
389 3597 584 3668 autographo,
595 3596 626 3651 in
641 3594 714 3651 Coo.
725 3608 771 3666 29,
783 3593 825 3665 b),
843 3593 990 3650 German.
1009 3595 1120 3668 Epist„
1135 3595 1222 3650 unico
1234 3595 1298 3664 iol„
1312 3611 1348 3665 40
1357 3595 1425 3667 (93).

282 3688 295 3721 ¹
333 3685 402 3754 Ma,
415 3685 493 3754 alia,
507 3686 555 3740 hic
568 3693 598 3740 et
611 3683 697 3740 inira.

283 3774 296 3806 ³
333 3773 376 3830 Ut
387 3775 463 3829 haec
475 3773 581 3829 melius
593 3773 809 3844 intelligantur,
819 3771 1054 3828 animadvertere
1066 3781 1181 3846 oportet
1196 3773 1313 3829 Patrem
1331 3774 1463 3830 Victoria

224 3881 244 3918 a
257 3879 314 3918 suo
326 3862 496 3934 praeposito
507 3862 681 3936 provinciali
692 3865 727 3918 B.
741 3863 830 3918 Petro
842 3861 974 3931 Canisio,
988 3863 1135 3918 immerito
1151 3862 1282 3936 quidem,
1301 3864 1460 3919 alienatum

222 3952 333 4021 fuisse,
345 3969 402 4007 nec
416 3951 481 4024 ejus
501 3951 688 4023 gubernandi
708 3951 853 4006 rationem
875 3952 1026 4024 probasse,
1044 3960 1078 4008 ut
1098 3953 1178 4008 clare
1200 3952 1323 4023 eruitur,
1346 3960 1409 4008 tum
1423 3971 1460 4008 ex

223 4041 354 4113 epistola
365 4043 404 4096 B.
417 4040 542 4105 Caninii,
554 4055 572 4110 4
585 4040 654 4112 Maji
666 4039 754 4112 hujus
768 4040 837 4096 anni
847 4039 884 4095 ad
897 4041 930 4095 P.
945 4040 1054 4095 Lainez
1064 4041 1144 4110 data,
1154 4048 1217 4096 tum
1228 4059 1265 4095 ex
1276 4041 1341 4096 aliis
1351 4042 1461 4113 episto·

220 4131 261 4186 lis
274 4129 410 4202 ejusdem
422 4131 457 4184 P.
471 4128 592 4201 Lainez‚
606 4138 638 4185 et
649 4129 743 4185 Nadal
763 4129 839 4185 inira
857 4128 990 4186 edendis,
1009 4131 1054 4185 Ex
1073 4147 1161 4202 supra
1178 4130 1257 4185 dicta
1274 4129 1387 4186 Canisii
1401 4133 1462 4204 cpi-

219 4220 301 4276 stola
312 4221 386 4274 haec
398 4219 437 4274 ad
449 4237 512 4275 rem
525 4227 656 4276 nostram
669 4218 792 4288 faciunt,
806 4236 882 4291 quae
895 4217 952 4292 ipsi
964 4217 1085 4275 Canisio
1098 4220 1136 4274 de
1149 4221 1182 4274 P.
1201 4219 1332 4275 Victoria
1350 4219 1461 4276 scribe·

217 4311 273 4364 bat
290 4314 389 4364 rector
404 4307 525 4379 collegii
543 4307 707 4380 pragensis:
730 4307 916 4364 «Etiamnum
935 4325 1024 4380 saepe
1042 4325 1077 4362 ac
1092 4308 1224 4379 grauiter
1247 4307 1319 4363 satis
1337 4325 1390 4380 pro
1403 4325 1459 4364 suo

217 4415 304 4453 more
317 4397 508 4470 conqueritur
521 4397 559 4452 de
572 4397 647 4452 Rdo.
662 4397 750 4452 Patre
763 4396 951 4469 prouintiaie,
965 4415 1053 4470 quem
1067 4397 1136 4452 licet
1149 4401 1194 4465 (ut
1206 4395 1259 4466 ait)
1277 4406 1357 4452 amet
1370 4415 1404 4452 ac
1416 4412 1468 4452 re··

218 4494 373 4554 uereattu,
387 4484 476 4557 officij
497 4494 527 4542 et
540 4486 704 4542 vocationis
717 4486 841 4555 ratione3
865 4487 946 4541 nullo
958 4493 1058 4541 tamen
1071 4487 1168 4557 modo,
1187 4485 1218 4542 in
1233 4487 1460 4558 gubernatione,

217 4583 326 4632 contra
339 4593 423 4631 suam
436 4575 650 4632 conscientiam
663 4582 693 4630 et
705 4593 773 4631 cum
785 4574 964 4631 detrimento
976 4575 1178 4648 collegiorum,
1192 4576 1277 4649 sequi
1287 4585 1395 4648 potest.
1411 4577 1463 4631 Ait

219 4682 314 4738 saepe
326 4666 447 4723 Patrem
462 4663 670 4735 prouinssalem
682 4681 742 4720 non
759 4665 795 4720 ad
813 4665 997 4738 prouintialis
1015 4665 1155 4737 officium,
1174 4666 1226 4722 sed
1245 4665 1462 4722 adcontionan·
