3504 5386
522 489 525 496 ¹
583 533 617 590 25
637 517 822 576 Doconoo'ls
844 519 912 590 15⁶³
1304 521 1360 593 479

137 673 219 742 ten'ti
239 675 263 740 l'
282 673 453 742 infermitol
469 670 503 740 di
520 669 657 759 qualch’
673 673 732 739 vni
753 672 787 739 di
807 674 919 759 questi
934 675 1076 762 sigfiofi,
1094 677 1158 742 ch'e
1173 672 1209 740 in·
1225 675 1357 758 elienor,

136 790 273 876 quando
288 788 317 855 si
333 789 428 857 fusse
441 804 540 876 persa
556 789 589 854 la·
605 775 682 856 fede
701 787 737 854 in
758 789 859 874 quell’
881 789 1005 870 anime,
1026 787 1102 856 facil
1117 809 1199 857 cosa
1213 790 1358 878 sareobe

136 907 189 974 ch'
207 907 319 971 anche
334 903 358 968 il
371 905 554 990 temporalo
566 903 780 990 pericolasse',
793 903 822 970 si
834 907 918 990 pero
929 926 999 971 non
1011 905 1103 972 fusse
1115 904 1241 991 meglio
1252 904 1276 970 il
1287 915 1358 972 11011

136 1021 278 1088 hauerlo
293 1021 357 1086 che
373 1019 572 1086 d'hauerea
594 1019 677 1085 farlo
697 1019 826 1087 seruire
847 1042 867 1086 a
885 1021 918 1086 la
937 1017 1069 1106 perdita
1083 1019 1119 1084 di
1135 1030 1229 1088 tante
1245 1019 1360 1089 anime¹

134 1149 194 1223 ρετ
209 1135 244 1204 le
261 1133 352 1218 quali
368 1133 444 1201 Iesu
460 1135 525 1200 X.⁰
541 1134 585 1201 N.
604 1135 639 1202 S.
660 1118 746 1200 olira
761 1135 925 1203 d’hauere
945 1145 1062 1220 sporso
1083 1133 1106 1200 il
1126 1133 1262 1220 proprio
1278 1147 1358 1201 son-

133 1269 215 1338 gue,
239 1249 264 1315 il
285 1259 376 1314 tutto
395 1250 441 1314 ha
461 1248 618 1315 ordinato
638 1269 699 1334 per
718 1268 804 1315 esse.
828 1251 962 1334 Questo
981 1248 1010 1316 si
1032 1249 1109 1315 dice
1129 1251 1202 1316 solo
1223 1248 1251 1316 si
1269 1251 1360 1316 forse

134 1373 270 1453 potesse
285 1363 414 1432 seruire
430 1364 463 1430 al
478 1363 622 1450 aggiuto
638 1364 673 1430 di
687 1373 808 1448 queste
823 1365 935 1433 anime
955 1376 989 1433 et
1005 1365 1082 1434 fode
1096 1365 1276 1446 catholico,
1294 1367 1359 1431 che

131 1482 334 1548 altramente
350 1477 555 1546 lasciandosi
571 1481 697 1546 andare
712 1480 746 1545 la
761 1501 840 1547 cosa
856 1491 953 1548 come
967 1501 1022 1561 va,
1037 1479 1066 1548 si
1079 1482 1165 1547 vede
1177 1478 1360 1547 auicinarsi

131 1597 281 1681 qualche
296 1596 428 1682 grande
444 1593 555 1662 ruina.

199 1713 232 1778 A
249 1717 360 1798 tergo:
375 1709 461 1778 Soli.
482 1713 520 1776 P.
537 1712 647 1777 Natal.
665 1711 746 1776 Alio
763 1730 882 1777 manu:
902 1711 997 1794 1563.
1017 1709 1257 1777 Insonnatione
1271 1709 1361 1779 delle

132 1847 215 1895 cose
230 1826 321 1894 della
336 1823 503 1911 religione
514 1825 549 1890 in
567 1824 723 1891 Fiandra.

706 2069 799 2133 lm

514 2222 549 2275 Ρ.
569 2219 772 2278 NICOLAUS
790 2219 980 2278 LANOYUS

327 2357 513 2424 PATRI
547 2356 918 2423 HIERONYMO
954 2356 1164 2422 NADAL

476 2509 628 2564 V1ENNAE,
648 2509 681 2566 25
700 2508 880 2552 nocnuems
901 2495 968 2565 1563
990 2499 1009 2550 ¹.

127 2635 154 2682 1.
165 2625 384 2680 Emolumenta
393 2622 543 2692 quaedam
553 2625 581 2675 ot
586 2621 757 2694 privilegia
767 2621 804 2675 ab
813 2620 997 2694 imperatore
1007 2621 1150 2676 Societoti
1158 2621 1360 2692 denegantur.

180 2727 246 2769 -2.
258 2714 332 2786 Spes
344 2713 378 2766 in
390 2711 453 2765 Deo
465 2711 756 2780 constituendo-3.
769 2711 854 2780 Quid
863 2712 897 2766 in
909 2712 955 2765 his
965 2710 1118 2782 angustiis
1127 2710 1282 2783 agendum
1295 2726 1362 2764 corr-

182 2803 338 2868 sulit.-4.
360 2799 502 2853 Votorum
516 2799 713 2853 irss'taurotio:
726 2798 826 2854 altero
840 2800 976 2871 procella
994 2799 1159 2854 Tirnavioo
1176 2798 1362 2852 exoritur.-

182 2905 210 2958 5.
229 2887 530 2944 Commu'nicantium
544 2889 578 2942 in
591 2888 701 2959 templo
707 2887 897 2959 frequentia.

372 3135 379 3152 ,
714 3010 789 3146 Jis.

204 3221 231 3270 1.
282 3201 389 3269 Molto
413 3168 502 3267 Rdo.¹
533 3199 569 3263 in
591 3195 657 3264 X.⁰
681 3198 804 3266 Padre.
824 3200 962 3266 Benche
977 3199 1009 3308 la
1025 3199 1069 3266 R.
1093 3201 1140 3266 V.
1164 3199 1229 3265 stia
1241 3200 1362 3268 adesso

126 3318 228 3384 fuora
250 3317 295 3383 de
317 3316 511 3402 Alemagna
532 3313 703 3380 visitando
728 3312 752 3377 li
779 3311 902 3400 collegi
929 3314 972 3380 de
1000 3314 1095 3382 Italia
1121 3315 1133 3347 ¹
1155 3325 1190 3381 et
1210 3317 1274 3383 che
1302 3337 1363 3401 per

185 3481 195 3512 ¹
234 3478 279 3531 Ex
292 3475 485 3546 autographo,
498 3472 529 3528 in
545 3471 620 3528 Cod.
637 3487 676 3542 29
688 3473 729 3542 c),
743 3471 852 3544 duplici
865 3470 929 3543 fol,
943 3484 1006 3542 271,
1021 3485 1073 3543 272
1085 3475 1171 3543 (277).

184 3570 197 3601 ²
236 3565 293 3619 Die
314 3577 346 3618 ιο
369 3543 542 3618 Decemliris
566 3559 635 3630 1563
651 3561 795 3616 Polancus
812 3560 953 3617 Tridento
970 3561 1007 3616 ad
1024 3563 1057 3617 P.
1076 3561 1249 3618 Madridium
1267 3563 1362 3618 Patris

129 3651 244 3710 Lainez
256 3661 288 3710 ot
300 3651 446 3708 sociorum
463 3650 673 3724 prosectionem
692 3651 738 3706 his
757 3650 857 3706 verbis
875 3651 1040 3707 nuntiabat:
1062 3653 1148 3708 «Esto
1168 3657 1290 3708 maliana
1310 3667 1362 3706 nos

129 3742 273 3816 partimos
288 3750 409 3797 nuestro
422 3740 527 3811 Padre,
542 3739 573 3794 P.
589 3739 741 3794 someron
752 3757 773 3811 y
783 3739 816 3792 P.
829 3739 921 3794 Nadal
935 3757 1003 3812 yyo
1012 3757 1068 3794 con
1081 3740 1172 3795 Paulo
1182 3759 1202 3812 y
1213 3739 1362 3795 Ludouico

129 3848 205 3905 para
217 3830 357 3886 Venecia.
373 3830 523 3900 Anteayer
536 3828 684 3900 partieron
697 3843 749 3900 por
761 3845 837 3898 agua
850 3829 925 3899 Joan
943 3829 1048 3884 Latino
1064 3847 1084 3902 y
1101 3831 1175 3900 Joan
1193 3829 1363 3884 fernandez

125 3938 188 3976 con
202 3937 242 3974 vn
254 3919 406 3974 hibernico
419 3919 506 3972 noble
519 3931 540 3988 y
553 3935 592 3972 vn
605 3916 759 3989 madesco,
772 3917 915 3987 nouicios,
929 3933 987 3990 que
997 3933 1054 3973 van
1067 3918 1214 3972 oRoma.»
1225 3919 1269 3972 Ex
1282 3921 1362 3973 auto·

126 4011 255 4082 grapho,
268 4009 299 4063 in
315 4007 387 4063 Cod.
403 4007 506 4072 PLB.‚
521 4017 575 4076 207
588 4007 675 4076 (207).
693 4007 731 4062 Et
748 4006 850 4062 ultima
868 4007 916 4062 die
934 4006 1066 4078 ejusdem
1083 4007 1194 4062 mensis
1211 4007 1288 4062 idem
1308 4008 1362 4064 Po·

126 4102 234 4154 laneus
248 4097 327 4152 Patri
340 4096 495 4151 Francisco
508 4095 545 4150 de
563 4095 662 4167 Borja,
676 4095 892 4151 «commissario
911 4095 1014 4150 Italiae
1032 4103 1063 4150 et
1080 4095 1216 4152 Siciliae»
1233 4097 1306 4152 haec
1324 4097 1361 4152 de

125 4190 228 4244 Patris
249 4188 358 4242 Lainez
380 4201 445 4240 cum
468 4183 556 4240 sociis
577 4184 683 4240 itinere
712 4183 870 4240 referebat:
900 4185 1045 4240 «Nuestro
1068 4185 1161 4241 Padre
1184 4202 1270 4258 spero
1295 4189 1360 4241 seri

124 4285 232 4350 presto
244 4294 281 4331 en
293 4275 398 4345 Roma,
411 4273 534 4329 dindole
552 4273 626 4328 Dios
639 4272 732 4348 soludq
740 4291 809 4345 para
821 4275 961 4345 concluyr
979 4276 1008 4329 lo
1026 4293 1084 4347 que
1097 4291 1135 4329 en
1154 4275 1181 4329 el
1195 4283 1361 4330 entretanto

121 4384 160 4422 ue
175 4364 279 4420 vbiere
292 4357 435 4436 pemmo,
448 4379 558 4434 porque
572 4380 611 4434 oy
624 4363 767 4433 llegamos
779 4365 796 4417 l
809 4361 942 4433 Ferrato,
956 4381 976 4434 y
989 4363 1111 4418 estando
1124 4366 1192 4435 aqui
1205 4367 1327 4418 maliana
1339 4383 1360 4438 y

124 4457 155 4511 el
169 4453 311 4525 domingo
324 4451 484 4522 siguiente,
499 4449 600 4523 pienso
613 4459 734 4506 nuestro
750 4451 844 4505 Padre
861 4450 985 4522 partirse
1003 4453 1031 4506 el
1050 4451 1164 4506 luneso
1180 4453 1323 4524 Bologna,
1340 4471 1360 4526 y

125 4543 272 4600 teniendo
284 4543 334 4597 alli
347 4543 392 4595 los
404 4541 503 4611 Reyes
516 4539 548 4610 [i.
562 4555 589 4594 e.
603 4537 712 4595 festum
726 4538 929 4611 Epiphaniae1,
941 4541 1029 4610 luego
1041 4541 1165 4613 partirse
1182 4557 1234 4614 por
1247 4541 1326 4596 Forli
1338 4559 1359 4613 y

124 4633 239 4689 Loreto
251 4635 267 4687 έ
277 4631 380 4686 Roma.
395 4629 491 4684 Viene
504 4630 531 4684 el
545 4629 578 4684 P.
592 4627 646 4684 M.⁰
660 4627 751 4682 Nadal
763 4628 893 4684 tambien
902 4629 970 4699 alli,
980 4644 1065 4686 como
1077 4629 1180 4702 pienso
1192 4647 1263 4686 ouer
1276 4630 1360 4687 scrit-

125 4725 194 4778 10.ιό
211 4721 252 4774 Ex
264 4719 458 4791 autographo,
471 4718 502 4806 in
516 4717 619 4772 eodem
633 4719 708 4788 loco,
724 4715 775 4771 208
788 4719 873 4786 (515).
1236 4723 1238 4726 '
