3666 5384
407 491 439 546 14
824 473 858 528 Ρ.
878 473 1018 529 ΝΑτΑιιε
1037 473 1201 529 Eranusa.

404 627 517 715 potius
533 626 726 693 inducebat:
752 623 916 693 indicauit
936 623 1042 713 igitur
1056 617 1202 712 p'rimum
1221 644 1260 692 se
1280 632 1395 689 nostra
1415 643 1519 709 opera
1533 621 1622 691 velle

403 743 453 811 vti
468 744 511 812 ad
526 763 644 830 pacem
659 762 737 808 cum
759 739 916 828 Philippo
939 743 948 774 ¹
970 738 1227 808 conficiendam.
1244 740 1298 807 De
1313 737 1523 825 profectione
1537 759 1620 806 vero

403 859 440 924 in
460 856 659 944 Hispaniam
679 854 764 922 dixit
784 877 821 922 se
840 855 988 923 Domino
1007 854 1041 922 id
1061 854 1376 923 commendaturum
1396 851 1432 920 in
1451 852 1616 934 oratione,

403 994 466 1041 nos
480 981 518 1038 vt
533 972 622 1040 idem
640 972 839 1052 faceremus,
857 981 893 1039 et
910 968 1035 1038 rediret
1051 973 1153 1038 Pater
1167 969 1315 1037 vicarius
1330 969 1373 1035 ad
1393 967 1515 1055 ipsum,
1534 988 1618 1035 con-

402 1087 501 1155 sultis
516 1086 644 1174 aliquot
660 1085 831 1168 Patribus,
846 1085 904 1172 qui
916 1085 981 1152 sibi
996 1083 1145 1152 melioris
1161 1082 1358 1152 viderentur
1373 1083 1517 1169 consilij.
1533 1086 1619 1154 Bre-

403 1202 491 1271 uiter
516 1202 565 1268 ita
584 1200 740 1268 discessit
766 1199 923 1281 vicarius,
953 1211 990 1266 vt
1014 1199 1072 1287 qui
1088 1199 1125 1266 in
1148 1198 1328 1265 maximam
1350 1221 1445 1286 spem
1468 1198 1619 1268 venisset

402 1317 501 1385 facile
523 1337 769 1383 consensurum
788 1315 982 1402 pontificem
1002 1325 1041 1380 vt
1062 1313 1188 1384 iremus
1214 1312 1251 1380 in
1270 1312 1469 1401 Hispaniam
1485 1313 1510 1379 '.
1530 1315 1620 1382 Cae-

403 1444 512 1499 terum
528 1453 606 1498 cum
618 1431 774 1517 redijsset
785 1452 886 1517 saepe
899 1453 941 1500 ex
952 1429 1153 1513 constituto,
1167 1449 1232 1497 nec
1244 1427 1490 1512 admitteretur,
1505 1438 1618 1498 tamen

401 1547 495 1613 nulla
510 1547 622 1613 adbuc
642 1555 774 1632 poterat
793 1545 873 1612 oriri
888 1545 1037 1631 suspicio
1057 1543 1140 1630 quid
1160 1552 1251 1613 esset
1271 1565 1331 1611 cur
1353 1545 1441 1612 ’45
1461 1556 1529 1611 tam
1551 1543 1620 1612 cito

401 1661 599 1729 immutatus
611 1660 783 1730 videretur
797 1659 967 1748 pontificis
983 1659 1126 1727 animus.
1145 1661 1262 1744 ltaque
1274 1659 1420 1727 vicarius
1433 1681 1502 1726 non
1517 1659 1616 1726 omit·

401 1778 495 1844 tebat
510 1778 553 1843 ad
569 1776 730 1863 palatium
746 1775 923 1857 ventitare,
941 1774 1157 1842 etiamsinon
1173 1773 1418 1842 admitteretur.

467 1893 618 1958 Tandem
631 1901 795 1960 euocatus
806 1915 826 1959 a
838 1888 998 1958 cardinali
1010 1888 1141 1976 pisan0,
1156 1889 1287 1956 audiuit
1298 1911 1368 1956 non
1377 1892 1510 1977 placere
1521 1913 1617 1959 surn—

397 2017 456 2074 'mo
466 2005 617 2092 pontifici
632 2017 671 2071 vt
686 2005 721 2071 in
737 2005 937 2093 Hispaniam
948 2004 1085 2073 iremus:
1101 2003 1269 2072 acciderat
1281 2007 1329 2092 (vt
1341 2004 1470 2092 opinor)
1483 2027 1614 2088 rursus,

401 2132 606 2208 quapropter
623 2143 642 2187 a
657 2143 741 2208 pace
761 2132 852 2190 esset
871 2121 1002 2189 alienus
1018 2119 1182 2206 pontifex3
1200 2121 1261 2188 sed
1277 2141 1381 2206 quum
1398 2120 1619 2190 arbitraretur

398 2237 546 2304 vicarius
562 2248 699 2323 propter
714 2237 840 2306 bellum
861 2236 953 2302 nolle
976 2235 1120 2302 Paulum
1142 2245 1179 2299 vt
1198 2233 1234 2300 in
1256 2235 1455 2321 Hispaniam
1472 2235 1620 2325 Philippi

400 2351 493 2438 regis
508 2351 810 2437 proficisceremur,
828 2349 1053 2436 interrogauit
1068 2349 1272 2418 cardinalem
1284 2371 1367 2416 num
1378 2351 1571 2420 consuleret
1582 2363 1620 2418 vt

400 2487 598 2553 rogaremus
608 2465 802 2552 pontificem
810 2468 852 2532 de
862 2463 1072 2551 profectione
1082 2463 1117 2529 in
1131 2465 1386 2552 Portugalliam.
1399 2466 1437 2532 ld
1446 2486 1526 2533 cum
1538 2489 1619 2553 pro-

399 2583 496 2650 baret
511 2580 702 2664 cardinalis,
721 2580 888 2666 reliquum
904 2579 1014 2647 visum
1032 2578 1096 2646 suit
1112 2579 1206 2646 Patri
1218 2578 1343 2647 vicario
1355 2591 1393 2646 vt
1404 2581 1516 2649 adhuc
1528 2583 1620 2668 apud

399 2697 594 2784 pontificem
611 2698 654 2763 de
670 2698 733 2762 hac
749 2695 957 2782 profectione
973 2715 1165 2780 ageremus;
1183 2694 1298 2780 itaque
1313 2717 1449 2763 rursum
1464 2697 1509 2762 ad
1523 2699 1618 2784 pala·

400 2811 485 2878 tium
502 2812 729 2880 conueniebat
748 2810 906 2877 vicarius,
929 2809 934 2898 Ι
955 2811 1071 2894 Quum
1092 2820 1206 2878 autem
1227 2808 1381 2879 similiter
1400 2820 1503 2896 atque
1523 2813 1618 2899 prius

399 2947 469 2993 non
482 2925 728 3006 admitteretur,
743 2945 807 2993 nec
819 2923 1010 3005 desisteret,
1022 2943 1103 2991 ecce
1115 2923 1175 2989 tibi
1188 2935 1330 2991 vocatur
1341 2947 1361 2991 a
1374 2925 1535 2994 cardinali
1548 2937 1618 2994 tra-

398 3040 509 3110 nensi.
528 3039 692 3126 Intelligit
709 3041 855 3128 ‚Paulum
871 3061 946 3108 esse
961 3039 1127 3106 aduersus
1147 3061 1212 3106 nos
1232 3060 1272 3107 ac
1289 3040 1496 3109 Societatem
1513 3044 1619 3111 vehe-

399 3166 532 3226 menter
547 3166 765 3236 eommotum,
783 3153 901 3221 iubere
916 3165 954 3220 vt
970 3154 1084 3220 nullus
1100 3154 1238 3221 omnino
1253 3177 1273 3222 e
1289 3155 1414 3223 nostris
1435 3158 1543 3224 Roma
1559 3181 1620 3226 ex-

399 3272 511 3337 cedat:
530 3282 602 3336 tum
620 3281 656 3335 vt
672 3269 784 3336 omnia
799 3269 982 3356 diplomata
1001 3268 1199 3355 apostolica,
1222 3291 1339 3338 omnes
1359 3271 1621 3340 constitutiones

399 3396 533 3453 nostras
548 3387 591 3452 ad
607 3407 645 3454 se
659 3386 863 3466 deferamus;
882 3385 970 3453 velle
990 3406 1027 3451 se
1048 3385 1160 3452 omnia
1175 3385 1377 3472 intelligere,
1396 3386 1439 3452 de
1460 3385 1620 3454 omnibus

399 3500 561 3570 iudicare:
579 3500 778 3588 designasse
799 3519 818 3566 2
839 3499 1039 3581 cardinales
1058 3521 1097 3566 ac
1117 3521 1293 3566 romanum
1310 3502 1335 3580 ⁴,
1353 3500 1411 3586 qui
1428 3500 1542 3569 omnia
1556 3523 1614 3569 ex-

359 3633 363 3644 ·
398 3614 569 3701 plorarent
584 3626 687 3701 atque
703 3618 746 3682 ad
758 3635 836 3684 eum
848 3615 1025 3682 referrent.
1040 3613 1154 3682 Mirati
1169 3635 1287 3682 sumus
1304 3637 1435 3683 omnes:
1454 3638 1519 3685 nec
1533 3638 1617 3684 con—

398 3739 489 3796 stare
505 3730 642 3798 omnino
654 3741 786 3818 poterat
802 3751 864 3798 cur
880 3740 949 3796 tam
960 3750 1080 3797 seuere
1092 3739 1212 3816 ageret
1222 3729 1375 3816 pontifex
1388 3731 1412 3798 ³:
1425 3731 1618 3802 sciebamus

398 3844 536 3931 quidem
553 3845 613 3928 illi,
630 3846 697 3912 iam
708 3845 788 3914 inde
800 3855 981 3931 antequam
993 3845 1048 3910 vel
1064 3844 1243 3929 episcopus
1254 3855 1344 3912 esset
1356 3847 1411 3914 vel
1422 3847 1615 3930 cardinalis,

399 3981 469 4027 non
484 3971 577 4030 recte
592 3961 794 4031 conuenisse
810 3980 887 4027 cum
904 3962 944 4026 P.
968 3957 1113 4046 Ignati03
1131 3959 1192 4024 sed
1207 3968 1325 4046 postea
1348 3970 1462 4030 tamen
1482 3974 1618 4031 nostros

456 4142 463 4174 ¹
501 4140 570 4210 Me,
584 4141 711 4213 Pnippo.

453 4231 465 4262 ²
503 4227 697 4299 siccamus,
708 4229 764 4284 loc.
778 4228 841 4298 cit,
856 4245 884 4283 n.
899 4239 947 4296 72.

454 4318 465 4349 ³
502 4317 576 4387 Me„
590 4336 725 4373 curcur.

453 4407 465 4439 ⁴
501 4405 585 4460 Prius
598 4407 755 4478 scripserat
764 4405 867 4461 Nadal:
882 4403 1072 4461 cardinalem
1082 4408 1253 4459 tranensem
1267 4421 1303 4458 ac
1314 4421 1491 4476 romanum·
1503 4415 1620 4481 postea,

398 4500 510 4548 mutata
522 4491 607 4550 litera
618 4496 731 4560 mins,
745 4494 863 4566 scripsit
874 4493 1055 4559 cardinales,
1075 4490 1250 4546 cancellavit
1266 4496 1448 4560 tranensem,
1462 4502 1493 4551 et
1506 4497 1620 4553 oblitus

397 4587 447 4637 est
458 4580 576 4637 delendi
589 4601 751 4638 romanum
764 4583 829 4654 [sic,
842 4597 894 4655 pro
906 4580 1100 4651 reumanum]

452 4672 464 4705 ⁸
500 4669 693 4738 siccamus,
707 4675 766 4728 loc.
782 4673 852 4740 cit„
865 4689 919 4726 nn.
935 4669 981 4738 76,
994 4679 1042 4738 77.
