<?xml version="1.0" encoding="UTF-8"?>
<!DOCTYPE html PUBLIC "-//W3C//DTD XHTML 1.0 Transitional//EN"
    "http://www.w3.org/TR/xhtml1/DTD/xhtml1-transitional.dtd">
<html xmlns="http://www.w3.org/1999/xhtml" xml:lang="en" lang="en">
 <head>
  <title>
</title>
<meta http-equiv="Content-Type" content="text/html;charset=utf-8" />
  <meta name='ocr-system' content='tesseract 3.04.00' />
  <meta name='ocr-capabilities' content='ocr_page ocr_carea ocr_par ocr_line ocrx_word'/>
</head>
<body>
  <div class='ocr_page' id='page_1' title='image "./epistolaephiero00nadagoog_0131.png"; bbox 0 0 3604 5380; ppageno 0'>
   <div class='ocr_carea' id='block_1_1' title="bbox 339 450 1140 518">
    <p class='ocr_par' dir='ltr' id='par_1_1' title="bbox 339 450 1140 518">
     <span class='ocr_line' id='line_1_1' title="bbox 339 450 1140 518; baseline 0 -14"><span class='ocrx_word' id='word_1_1' title='bbox 339 463 390 518; x_wconf 87' lang='lat'>104</span> <span class='ocrx_word' id='word_1_2' title='bbox 763 451 871 506; x_wconf 76' lang='lat' dir='ltr'>Errsr.</span> <span class='ocrx_word' id='word_1_3' title='bbox 889 451 922 504; x_wconf 91' lang='grc' dir='ltr'>Ρ.</span> <span class='ocrx_word' id='word_1_4' title='bbox 937 450 1140 505; x_wconf 74' lang='lat' dir='ltr'>Naum-210</span> 
     </span>
    </p>
   </div>
   <div class='ocr_carea' id='block_1_2' title="bbox 333 600 1657 2191">
    <p class='ocr_par' dir='ltr' id='par_1_2' title="bbox 333 600 1657 2191">
     <span class='ocr_line' id='line_1_2' title="bbox 334 600 1568 689; baseline 0 -23"><span class='ocrx_word' id='word_1_5' title='bbox 334 600 407 667; x_wconf 84' lang='lat' dir='ltr'>solo</span> <span class='ocrx_word' id='word_1_6' title='bbox 424 623 484 686; x_wconf 89' lang='lat' dir='ltr'>per</span> <span class='ocrx_word' id='word_1_7' title='bbox 499 600 613 667; x_wconf 86' lang='lat' dir='ltr'>auisar</span> <span class='ocrx_word' id='word_1_8' title='bbox 629 602 672 667; x_wconf 94' lang='lat' dir='ltr'>V.</span> <span class='ocrx_word' id='word_1_9' title='bbox 692 602 749 681; x_wconf 91' lang='lat' dir='ltr'>R.,</span> <span class='ocrx_word' id='word_1_10' title='bbox 768 621 866 669; x_wconf 90' lang='lat' dir='ltr'>come</span> <span class='ocrx_word' id='word_1_11' title='bbox 882 623 943 687; x_wconf 92' lang='lat' dir='ltr'>per</span> <span class='ocrx_word' id='word_1_12' title='bbox 958 601 1171 689; x_wconf 86' lang='lat' dir='ltr'><strong>negligentia</strong></span> <span class='ocrx_word' id='word_1_13' title='bbox 1187 600 1266 684; x_wconf 88' lang='lat' dir='ltr'>mia,</span> <span class='ocrx_word' id='word_1_14' title='bbox 1284 613 1319 669; x_wconf 92' lang='lat' dir='ltr'>et</span> <span class='ocrx_word' id='word_1_15' title='bbox 1339 623 1400 688; x_wconf 88' lang='lat' dir='ltr'>per</span> <span class='ocrx_word' id='word_1_16' title='bbox 1415 602 1448 667; x_wconf 85' lang='lat' dir='ltr'>la</span> <span class='ocrx_word' id='word_1_17' title='bbox 1465 601 1568 668; x_wconf 87' lang='lat' dir='ltr'>fretta</span> 
     </span>
     <span class='ocr_line' id='line_1_3' title="bbox 335 715 1566 801; baseline 0.001 -20"><span class='ocrx_word' id='word_1_18' title='bbox 335 715 392 782; x_wconf 91' lang='lat' dir='ltr'>del</span> <span class='ocrx_word' id='word_1_19' title='bbox 411 715 537 801; x_wconf 87' lang='lat' dir='ltr'>partire</span> <span class='ocrx_word' id='word_1_20' title='bbox 560 718 583 796; x_wconf 85' lang='lat'>¹,</span> <span class='ocrx_word' id='word_1_21' title='bbox 605 716 640 781; x_wconf 93' lang='lat' dir='ltr'>io</span> <span class='ocrx_word' id='word_1_22' title='bbox 659 736 728 781; x_wconf 91' lang='lat' dir='ltr'>non</span> <span class='ocrx_word' id='word_1_23' title='bbox 748 715 893 797; x_wconf 81' lang='lat' dir='ltr'>aduertr&#39;,</span> <span class='ocrx_word' id='word_1_24' title='bbox 917 718 1055 801; x_wconf 86' lang='lat' dir='ltr'>quando</span> <span class='ocrx_word' id='word_1_25' title='bbox 1075 715 1099 782; x_wconf 93' lang='lat' dir='ltr'>il</span> <span class='ocrx_word' id='word_1_26' title='bbox 1122 718 1233 784; x_wconf 89' lang='lat' dir='ltr'>Padre</span> <span class='ocrx_word' id='word_1_27' title='bbox 1253 718 1423 784; x_wconf 84' lang='lat' dir='ltr'>comandd</span> <span class='ocrx_word' id='word_1_28' title='bbox 1443 717 1524 785; x_wconf 85' lang='lat' dir='ltr'>dare</span> <span class='ocrx_word' id='word_1_29' title='bbox 1543 737 1566 782; x_wconf 91' lang='lat' dir='ltr'>a</span> 
     </span>
     <span class='ocr_line' id='line_1_4' title="bbox 337 830 1565 918; baseline 0 -19"><span class='ocrx_word' id='word_1_30' title='bbox 337 833 380 899; x_wconf 93' lang='lat' dir='ltr'>V.</span> <span class='ocrx_word' id='word_1_31' title='bbox 396 833 434 900; x_wconf 90' lang='lat' dir='ltr'>R.</span> <span class='ocrx_word' id='word_1_32' title='bbox 447 830 552 916; x_wconf 93' lang='lat' dir='ltr'>quelli</span> <span class='ocrx_word' id='word_1_33' title='bbox 568 831 719 918; x_wconf 89' lang='lat' dir='ltr'>pachetti</span> <span class='ocrx_word' id='word_1_34' title='bbox 730 831 860 917; x_wconf 88' lang='lat' dir='ltr'>coperti</span> <span class='ocrx_word' id='word_1_35' title='bbox 871 831 906 898; x_wconf 94' lang='lat' dir='ltr'>di</span> <span class='ocrx_word' id='word_1_36' title='bbox 917 842 1012 899; x_wconf 85' lang='lat' dir='ltr'>carta</span> <span class='ocrx_word' id='word_1_37' title='bbox 1024 852 1181 918; x_wconf 87' lang='lat' dir='ltr'>peccora,</span> <span class='ocrx_word' id='word_1_38' title='bbox 1199 833 1292 900; x_wconf 89' lang='lat' dir='ltr'>doue</span> <span class='ocrx_word' id='word_1_39' title='bbox 1307 853 1392 899; x_wconf 91' lang='lat' dir='ltr'>sono</span> <span class='ocrx_word' id='word_1_40' title='bbox 1403 833 1436 898; x_wconf 92' lang='lat' dir='ltr'>le</span> <span class='ocrx_word' id='word_1_41' title='bbox 1447 831 1565 918; x_wconf 87' lang='lat' dir='ltr'>regole</span> 
     </span>
     <span class='ocr_line' id='line_1_5' title="bbox 333 945 1565 1027; baseline -0.003 -13"><span class='ocrx_word' id='word_1_42' title='bbox 333 958 370 1014; x_wconf 88' lang='lat' dir='ltr'>et</span> <span class='ocrx_word' id='word_1_43' title='bbox 386 945 497 1013; x_wconf 90' lang='lat' dir='ltr'>ordini</span> <span class='ocrx_word' id='word_1_44' title='bbox 523 949 587 1014; x_wconf 88' lang='lat' dir='ltr'>che</span> <span class='ocrx_word' id='word_1_45' title='bbox 615 947 687 1015; x_wconf 88' lang='lat' dir='ltr'>Sua</span> <span class='ocrx_word' id='word_1_46' title='bbox 711 948 817 1013; x_wconf 62' lang='lat' dir='ltr'>Rei-a</span> <span class='ocrx_word' id='word_1_47' title='bbox 835 947 940 1015; x_wconf 83' lang='lat' dir='ltr'>lascid</span> <span class='ocrx_word' id='word_1_48' title='bbox 961 971 981 1014; x_wconf 92' lang='lat' dir='ltr'>a</span> <span class='ocrx_word' id='word_1_49' title='bbox 1008 949 1051 1014; x_wconf 93' lang='lat' dir='ltr'>V.</span> <span class='ocrx_word' id='word_1_50' title='bbox 1071 948 1128 1027; x_wconf 68' lang='lat' dir='ltr'>R,</span> <span class='ocrx_word' id='word_1_51' title='bbox 1153 949 1210 1013; x_wconf 88' lang='lat' dir='ltr'>ch&#39;</span> <span class='ocrx_word' id='word_1_52' title='bbox 1238 949 1360 1015; x_wconf 91' lang='lat' dir='ltr'>dentro</span> <span class='ocrx_word' id='word_1_53' title='bbox 1380 947 1414 1012; x_wconf 90' lang='lat' dir='ltr'>d&#39;</span> <span class='ocrx_word' id='word_1_54' title='bbox 1439 966 1509 1012; x_wconf 93' lang='lat' dir='ltr'>uno</span> <span class='ocrx_word' id='word_1_55' title='bbox 1528 945 1565 1010; x_wconf 93' lang='lat' dir='ltr'>di</span> 
     </span>
     <span class='ocr_line' id='line_1_6' title="bbox 334 1060 1563 1148; baseline 0 -20"><span class='ocrx_word' id='word_1_56' title='bbox 334 1061 439 1148; x_wconf 90' lang='lat' dir='ltr'>quelli</span> <span class='ocrx_word' id='word_1_57' title='bbox 455 1061 488 1129; x_wconf 91' lang='lat' dir='ltr'>io</span> <span class='ocrx_word' id='word_1_58' title='bbox 502 1064 639 1128; x_wconf 89' lang='lat' dir='ltr'>haueua</span> <span class='ocrx_word' id='word_1_59' title='bbox 654 1082 767 1130; x_wconf 91' lang='lat' dir='ltr'>messo</span> <span class='ocrx_word' id='word_1_60' title='bbox 787 1061 884 1131; x_wconf 89' lang='lat' dir='ltr'>diece</span> <span class='ocrx_word' id='word_1_61' title='bbox 904 1072 1041 1131; x_wconf 87' lang='lat' dir='ltr'>monete</span> <span class='ocrx_word' id='word_1_62' title='bbox 1058 1063 1091 1127; x_wconf 87' lang='lat' dir='ltr'>d&#39;</span> <span class='ocrx_word' id='word_1_63' title='bbox 1114 1084 1187 1144; x_wconf 89' lang='lat' dir='ltr'>oro,</span> <span class='ocrx_word' id='word_1_64' title='bbox 1209 1064 1274 1128; x_wconf 92' lang='lat' dir='ltr'>che</span> <span class='ocrx_word' id='word_1_65' title='bbox 1290 1063 1394 1128; x_wconf 88' lang='lat' dir='ltr'>fanno</span> <span class='ocrx_word' id='word_1_66' title='bbox 1414 1060 1504 1128; x_wconf 90' lang='lat' dir='ltr'>circa</span> <span class='ocrx_word' id='word_1_67' title='bbox 1521 1079 1563 1145; x_wconf 88' lang='lat'>33</span> 
     </span>
     <span class='ocr_line' id='line_1_7' title="bbox 336 1159 1565 1266; baseline -0.002 -22"><span class='ocrx_word' id='word_1_68' title='bbox 336 1177 447 1244; x_wconf 90' lang='lat' dir='ltr'>fiorini</span> <span class='ocrx_word' id='word_1_69' title='bbox 461 1178 668 1261; x_wconf 89' lang='lat' dir='ltr'>brauantini,</span> <span class='ocrx_word' id='word_1_70' title='bbox 686 1189 721 1247; x_wconf 91' lang='lat' dir='ltr'>et</span> <span class='ocrx_word' id='word_1_71' title='bbox 737 1177 898 1246; x_wconf 76' lang='lat' dir='ltr'>accioche</span> <span class='ocrx_word' id='word_1_72' title='bbox 915 1200 975 1266; x_wconf 92' lang='lat' dir='ltr'>per</span> <span class='ocrx_word' id='word_1_73' title='bbox 987 1159 1055 1244; x_wconf 92' lang='lat' dir='ltr'>non</span> <span class='ocrx_word' id='word_1_74' title='bbox 1072 1181 1177 1247; x_wconf 89' lang='lat' dir='ltr'>esser&#39;</span> <span class='ocrx_word' id='word_1_75' title='bbox 1192 1181 1235 1246; x_wconf 95' lang='lat' dir='ltr'>V.</span> <span class='ocrx_word' id='word_1_76' title='bbox 1252 1181 1293 1246; x_wconf 89' lang='lat' dir='ltr'>R.</span> <span class='ocrx_word' id='word_1_77' title='bbox 1309 1177 1476 1246; x_wconf 82' lang='lat' dir='ltr'>advertita</span> <span class='ocrx_word' id='word_1_78' title='bbox 1494 1198 1565 1242; x_wconf 89' lang='lat' dir='ltr'>non</span> 
     </span>
     <span class='ocr_line' id='line_1_8' title="bbox 336 1293 1562 1380; baseline -0.004 -19"><span class='ocrx_word' id='word_1_79' title='bbox 336 1293 498 1361; x_wconf 91' lang='lat' dir='ltr'>caschino</span> <span class='ocrx_word' id='word_1_80' title='bbox 511 1293 582 1360; x_wconf 90' lang='lat' dir='ltr'>etsi</span> <span class='ocrx_word' id='word_1_81' title='bbox 595 1296 757 1380; x_wconf 88' lang='lat' dir='ltr'>perdano,</span> <span class='ocrx_word' id='word_1_82' title='bbox 772 1296 817 1360; x_wconf 89' lang='lat' dir='ltr'>ha</span> <span class='ocrx_word' id='word_1_83' title='bbox 829 1293 985 1361; x_wconf 90' lang='lat' dir='ltr'>ordinato</span> <span class='ocrx_word' id='word_1_84' title='bbox 998 1293 1022 1360; x_wconf 93' lang='lat' dir='ltr'>il</span> <span class='ocrx_word' id='word_1_85' title='bbox 1034 1296 1147 1362; x_wconf 89' lang='lat' dir='ltr'>Padre</span> <span class='ocrx_word' id='word_1_86' title='bbox 1157 1296 1223 1362; x_wconf 90' lang='lat' dir='ltr'>che</span> <span class='ocrx_word' id='word_1_87' title='bbox 1234 1294 1416 1361; x_wconf 87' lang='lat' dir='ltr'>siliscriua</span> <span class='ocrx_word' id='word_1_88' title='bbox 1428 1302 1562 1378; x_wconf 87' lang='lat' dir='ltr'>questa,</span> 
     </span>
     <span class='ocr_line' id='line_1_9' title="bbox 336 1408 1566 1478; baseline -0.003 -2"><span class='ocrx_word' id='word_1_89' title='bbox 336 1409 497 1477; x_wconf 76' lang='lat' dir='ltr'>accioche</span> <span class='ocrx_word' id='word_1_90' title='bbox 510 1411 553 1476; x_wconf 93' lang='lat' dir='ltr'>V.</span> <span class='ocrx_word' id='word_1_91' title='bbox 569 1412 610 1476; x_wconf 87' lang='lat' dir='ltr'>R.</span> <span class='ocrx_word' id='word_1_92' title='bbox 626 1409 683 1476; x_wconf 91' lang='lat' dir='ltr'>dia</span> <span class='ocrx_word' id='word_1_93' title='bbox 694 1410 788 1478; x_wconf 89' lang='lat' dir='ltr'>dette</span> <span class='ocrx_word' id='word_1_94' title='bbox 801 1421 938 1476; x_wconf 85' lang='lat' dir='ltr'>monete</span> <span class='ocrx_word' id='word_1_95' title='bbox 950 1411 982 1475; x_wconf 89' lang='lat' dir='ltr'>al</span> <span class='ocrx_word' id='word_1_96' title='bbox 997 1413 1057 1476; x_wconf 85' lang='lat' dir='ltr'>P.e</span> <span class='ocrx_word' id='word_1_97' title='bbox 1076 1411 1265 1478; x_wconf 90' lang='lat' dir='ltr'>Leonardo.</span> <span class='ocrx_word' id='word_1_98' title='bbox 1283 1412 1326 1475; x_wconf 91' lang='lat' dir='ltr'>Et</span> <span class='ocrx_word' id='word_1_99' title='bbox 1338 1431 1408 1475; x_wconf 92' lang='lat' dir='ltr'>non</span> <span class='ocrx_word' id='word_1_100' title='bbox 1420 1408 1566 1477; x_wconf 87' lang='lat' dir='ltr'>essendo</span> 
     </span>
     <span class='ocr_line' id='line_1_10' title="bbox 334 1524 1657 1612; baseline -0.002 -22"><span class='ocrx_word' id='word_1_101' title='bbox 334 1537 457 1610; x_wconf 86' lang='lat' dir='ltr'>questa</span> <span class='ocrx_word' id='word_1_102' title='bbox 471 1547 533 1612; x_wconf 92' lang='lat' dir='ltr'>per</span> <span class='ocrx_word' id='word_1_103' title='bbox 549 1526 647 1606; x_wconf 89' lang='lat' dir='ltr'>altro,</span> <span class='ocrx_word' id='word_1_104' title='bbox 667 1526 739 1592; x_wconf 84' lang='lat' dir='ltr'>faro</span> <span class='ocrx_word' id='word_1_105' title='bbox 755 1526 835 1593; x_wconf 91' lang='lat' dir='ltr'><strong>fine.</strong></span> <span class='ocrx_word' id='word_1_106' title='bbox 855 1524 881 1590; x_wconf 94' lang='lat' dir='ltr'>Il</span> <span class='ocrx_word' id='word_1_107' title='bbox 898 1524 1046 1611; x_wconf 86' lang='lat' dir='ltr'>Signore</span> <span class='ocrx_word' id='word_1_108' title='bbox 1062 1525 1156 1591; x_wconf 93' lang='lat' dir='ltr'>Iddio</span> <span class='ocrx_word' id='word_1_109' title='bbox 1177 1525 1207 1591; x_wconf 89' lang='lat' dir='ltr'>ci</span> <span class='ocrx_word' id='word_1_110' title='bbox 1228 1524 1284 1591; x_wconf 91' lang='lat' dir='ltr'>dia</span> <span class='ocrx_word' id='word_1_111' title='bbox 1300 1545 1433 1610; x_wconf 90' lang='lat' dir='ltr'>sempre</span> <span class='ocrx_word' id='word_1_112' title='bbox 1453 1525 1486 1590; x_wconf 89' lang='lat' dir='ltr'>la</span> <span class='ocrx_word' id='word_1_113' title='bbox 1501 1545 1567 1588; x_wconf 90' lang='lat' dir='ltr'>sua</span> <span class='ocrx_word' id='word_1_114' title='bbox 1651 1555 1657 1570; x_wconf 94' lang='lat'>·</span> 
     </span>
     <span class='ocr_line' id='line_1_11' title="bbox 337 1638 1565 1727; baseline -0.002 -21"><span class='ocrx_word' id='word_1_115' title='bbox 337 1651 435 1708; x_wconf 89' lang='lat' dir='ltr'>santa</span> <span class='ocrx_word' id='word_1_116' title='bbox 450 1641 574 1727; x_wconf 87' lang='lat' dir='ltr'>gratia,</span> <span class='ocrx_word' id='word_1_117' title='bbox 588 1662 649 1726; x_wconf 86' lang='lat' dir='ltr'>per</span> <span class='ocrx_word' id='word_1_118' title='bbox 664 1661 830 1708; x_wconf 89' lang='lat' dir='ltr'>conoscer</span> <span class='ocrx_word' id='word_1_119' title='bbox 847 1661 980 1726; x_wconf 87' lang='lat' dir='ltr'>sempre</span> <span class='ocrx_word' id='word_1_120' title='bbox 995 1662 1058 1706; x_wconf 89' lang='lat' dir='ltr'>sua</span> <span class='ocrx_word' id='word_1_121' title='bbox 1078 1639 1195 1706; x_wconf 90' lang='lat' dir='ltr'>diuina</span> <span class='ocrx_word' id='word_1_122' title='bbox 1220 1641 1360 1707; x_wconf 79' lang='lat' dir='ltr'>volonta</span> <span class='ocrx_word' id='word_1_123' title='bbox 1381 1652 1416 1706; x_wconf 85' lang='lat' dir='ltr'>et</span> <span class='ocrx_word' id='word_1_124' title='bbox 1436 1638 1565 1726; x_wconf 82' lang='lat' dir='ltr'>periet-</span> 
     </span>
     <span class='ocr_line' id='line_1_12' title="bbox 339 1755 1564 1843; baseline -0.002 -22"><span class='ocrx_word' id='word_1_125' title='bbox 339 1768 490 1825; x_wconf 89' lang='lat' dir='ltr'>tamente</span> <span class='ocrx_word' id='word_1_126' title='bbox 501 1755 689 1842; x_wconf 86' lang='lat' dir='ltr'>adimpirla.</span> <span class='ocrx_word' id='word_1_127' title='bbox 706 1759 826 1823; x_wconf 86' lang='lat' dir='ltr'>Amen.</span> <span class='ocrx_word' id='word_1_128' title='bbox 841 1759 896 1825; x_wconf 92' lang='lat' dir='ltr'>Da</span> <span class='ocrx_word' id='word_1_129' title='bbox 908 1755 1135 1843; x_wconf 85' lang='lat' dir='ltr'>Achisgrana,</span> <span class='ocrx_word' id='word_1_130' title='bbox 1151 1757 1217 1822; x_wconf 92' lang='lat' dir='ltr'>adi</span> <span class='ocrx_word' id='word_1_131' title='bbox 1234 1757 1302 1823; x_wconf 89' lang='lat' dir='ltr'>6di</span> <span class='ocrx_word' id='word_1_132' title='bbox 1315 1759 1450 1843; x_wconf 88' lang='lat' dir='ltr'>Agosto</span> <span class='ocrx_word' id='word_1_133' title='bbox 1467 1755 1564 1838; x_wconf 86' lang='lat'>1562,</span> 
     </span>
     <span class='ocr_line' id='line_1_13' title="bbox 338 1868 1565 1959; baseline -0.002 -23"><span class='ocrx_word' id='word_1_134' title='bbox 338 1893 386 1937; x_wconf 92' lang='lat' dir='ltr'>vn</span> <span class='ocrx_word' id='word_1_135' title='bbox 396 1874 483 1939; x_wconf 89' lang='lat' dir='ltr'>hora</span> <span class='ocrx_word' id='word_1_136' title='bbox 494 1873 584 1958; x_wconf 93' lang='lat' dir='ltr'>dopo</span> <span class='ocrx_word' id='word_1_137' title='bbox 596 1892 713 1938; x_wconf 87' lang='lat' dir='ltr'>mezzo</span> <span class='ocrx_word' id='word_1_138' title='bbox 725 1871 858 1958; x_wconf 83' lang='lat' dir='ltr'>giorno.</span> <span class='ocrx_word' id='word_1_139' title='bbox 874 1874 915 1939; x_wconf 89' lang='lat' dir='ltr'>D.</span> <span class='ocrx_word' id='word_1_140' title='bbox 930 1873 970 1938; x_wconf 96' lang='lat' dir='ltr'>V.</span> <span class='ocrx_word' id='word_1_141' title='bbox 987 1874 1027 1938; x_wconf 90' lang='lat' dir='ltr'>R.</span> <span class='ocrx_word' id='word_1_142' title='bbox 1042 1870 1193 1958; x_wconf 87' lang='lat' dir='ltr'>indegno</span> <span class='ocrx_word' id='word_1_143' title='bbox 1206 1872 1359 1959; x_wconf 90' lang='lat' dir='ltr'>figliuolo</span> <span class='ocrx_word' id='word_1_144' title='bbox 1369 1871 1405 1938; x_wconf 91' lang='lat' dir='ltr'>in</span> <span class='ocrx_word' id='word_1_145' title='bbox 1416 1868 1565 1937; x_wconf 91' lang='lat' dir='ltr'>Christo.</span> 
     </span>
     <span class='ocr_line' id='line_1_14' title="bbox 344 1986 931 2068; baseline 0 -16"><span class='ocrx_word' id='word_1_146' title='bbox 344 1991 410 2054; x_wconf 89' lang='lat' dir='ltr'>Per</span> <span class='ocrx_word' id='word_1_147' title='bbox 425 1986 628 2054; x_wconf 86' lang='lat' dir='ltr'>comissione</span> <span class='ocrx_word' id='word_1_148' title='bbox 642 1988 698 2056; x_wconf 92' lang='lat' dir='ltr'>del</span> <span class='ocrx_word' id='word_1_149' title='bbox 716 1989 777 2053; x_wconf 68' lang='lat' dir='ltr'>Re</span> <span class='ocrx_word' id='word_1_150' title='bbox 797 1988 931 2068; x_wconf 91' lang='lat' dir='ltr'>Natale,</span> 
     </span>
     <span class='ocr_line' id='line_1_15' title="bbox 1158 2102 1385 2191; baseline -0.013 -20"><span class='ocrx_word' id='word_1_151' title='bbox 1158 2102 1180 2191; x_wconf 81' lang='lat'>†</span> <span class='ocrx_word' id='word_1_152' title='bbox 1204 2105 1385 2170; x_wconf 79' lang='lat' dir='ltr'>Xiusues.</span> 
     </span>
    </p>
   </div>
   <div class='ocr_carea' id='block_1_3' title="bbox 706 2333 1201 2529">
    <p class='ocr_par' dir='ltr' id='par_1_3' title="bbox 706 2333 1201 2529">
     <span class='ocr_line' id='line_1_16' title="bbox 912 2333 999 2397; baseline 0.023 -2"><span class='ocrx_word' id='word_1_153' title='bbox 912 2333 999 2397; x_wconf 67' lang='lat' dir='ltr'>eto</span> 
     </span>
     <span class='ocr_line' id='line_1_17' title="bbox 706 2457 1201 2529; baseline -0.004 -13"><span class='ocrx_word' id='word_1_154' title='bbox 706 2457 942 2529; x_wconf 77' lang='lat' dir='ltr'>Jonuuss</span> <span class='ocrx_word' id='word_1_155' title='bbox 970 2460 1033 2514; x_wconf 80' lang='lat' dir='ltr'>on</span> <span class='ocrx_word' id='word_1_156' title='bbox 1060 2458 1201 2517; x_wconf 72' lang='lat' dir='ltr'>Hora</span> 
     </span>
    </p>
   </div>
   <div class='ocr_carea' id='block_1_4' title="bbox 753 2575 1156 2648">
    <p class='ocr_par' dir='ltr' id='par_1_4' title="bbox 753 2575 1156 2648">
     <span class='ocr_line' id='line_1_18' title="bbox 753 2575 1156 2648; baseline 0 -19"><span class='ocrx_word' id='word_1_157' title='bbox 753 2575 910 2648; x_wconf 86' lang='lat' dir='ltr'>episcopus</span> <span class='ocrx_word' id='word_1_158' title='bbox 926 2575 1156 2646; x_wconf 83' lang='lat' dir='ltr'>osnabrugensis</span> 
     </span>
    </p>
   </div>
   <div class='ocr_carea' id='block_1_5' title="bbox 589 2671 1322 2760">
    <p class='ocr_par' dir='ltr' id='par_1_5' title="bbox 589 2671 1322 2760">
     <span class='ocr_line' id='line_1_19' title="bbox 589 2671 1322 2760; baseline 0 -3"><span class='ocrx_word' id='word_1_159' title='bbox 589 2693 747 2758; x_wconf 70' lang='lat' dir='ltr'>parm</span> <span class='ocrx_word' id='word_1_160' title='bbox 782 2671 1104 2760; x_wconf 72' lang='lat' dir='ltr'>Hrnaouruo</span> <span class='ocrx_word' id='word_1_161' title='bbox 1139 2693 1322 2758; x_wconf 66' lang='lat' dir='ltr'>unone</span> 
     </span>
    </p>
   </div>
   <div class='ocr_carea' id='block_1_6' title="bbox 668 2807 1245 2874">
    <p class='ocr_par' dir='ltr' id='par_1_6' title="bbox 668 2807 1245 2874">
     <span class='ocr_line' id='line_1_20' title="bbox 668 2807 1245 2874; baseline 0 -14"><span class='ocrx_word' id='word_1_162' title='bbox 668 2817 901 2874; x_wconf 81' lang='lat' dir='ltr'>runsrsuowu,</span> <span class='ocrx_word' id='word_1_163' title='bbox 921 2818 955 2874; x_wconf 87' lang='lat'>27</span> <span class='ocrx_word' id='word_1_164' title='bbox 975 2819 1114 2863; x_wconf 75' lang='lat' dir='ltr'>auousm</span> <span class='ocrx_word' id='word_1_165' title='bbox 1133 2807 1201 2874; x_wconf 86' lang='lat'>1562</span> <span class='ocrx_word' id='word_1_166' title='bbox 1219 2809 1245 2860; x_wconf 83' lang='lat'>¹.</span> 
     </span>
    </p>
   </div>
   <div class='ocr_carea' id='block_1_7' title="bbox 340 2922 1568 3066">
    <p class='ocr_par' dir='ltr' id='par_1_7' title="bbox 340 2922 1568 3066">
     <span class='ocr_line' id='line_1_21' title="bbox 340 2922 1568 2996; baseline 0.001 -20"><span class='ocrx_word' id='word_1_167' title='bbox 340 2923 447 2977; x_wconf 84' lang='lat' dir='ltr'>Patris</span> <span class='ocrx_word' id='word_1_168' title='bbox 460 2922 600 2993; x_wconf 73' lang='lat' dir='ltr'>Dionysii</span> <span class='ocrx_word' id='word_1_169' title='bbox 609 2923 753 2994; x_wconf 80' lang='lat' dir='ltr'>petitioni</span> <span class='ocrx_word' id='word_1_170' title='bbox 765 2939 879 2976; x_wconf 85' lang='lat' dir='ltr'>morem</span> <span class='ocrx_word' id='word_1_171' title='bbox 889 2939 1000 2996; x_wconf 86' lang='lat' dir='ltr'>gerens</span> <span class='ocrx_word' id='word_1_172' title='bbox 1012 2923 1177 2994; x_wconf 81' lang='lat' dir='ltr'>episcopus,</span> <span class='ocrx_word' id='word_1_173' title='bbox 1189 2939 1278 2976; x_wconf 81' lang='lat' dir='ltr'>suam</span> <span class='ocrx_word' id='word_1_174' title='bbox 1295 2941 1372 2996; x_wconf 82' lang='lat' dir='ltr'>erga</span> <span class='ocrx_word' id='word_1_175' title='bbox 1391 2923 1568 2978; x_wconf 77' lang='lat' dir='ltr'><strong><em>Societatem</em></strong></span> 
     </span>
     <span class='ocr_line' id='line_1_22' title="bbox 758 3010 1151 3066; baseline 0.005 -2"><span class='ocrx_word' id='word_1_176' title='bbox 758 3010 995 3066; x_wconf 79' lang='lat' dir='ltr'>benevolentiam</span> <span class='ocrx_word' id='word_1_177' title='bbox 1013 3014 1151 3066; x_wconf 80' lang='lat' dir='ltr'>testatur.</span> 
     </span>
    </p>
   </div>
   <div class='ocr_carea' id='block_1_8' title="bbox 404 3152 1570 3241">
    <p class='ocr_par' dir='ltr' id='par_1_8' title="bbox 404 3152 1570 3241">
     <span class='ocr_line' id='line_1_23' title="bbox 404 3152 1570 3241; baseline -0.001 -21"><span class='ocrx_word' id='word_1_178' title='bbox 404 3156 555 3241; x_wconf 87' lang='lat' dir='ltr'>Joannes</span> <span class='ocrx_word' id='word_1_179' title='bbox 571 3155 614 3221; x_wconf 89' lang='lat' dir='ltr'>de</span> <span class='ocrx_word' id='word_1_180' title='bbox 631 3154 744 3239; x_wconf 88' lang='lat' dir='ltr'>Hoya,</span> <span class='ocrx_word' id='word_1_181' title='bbox 761 3153 827 3220; x_wconf 92' lang='lat' dir='ltr'>Dei</span> <span class='ocrx_word' id='word_1_182' title='bbox 845 3152 956 3238; x_wconf 85' lang='lat' dir='ltr'>gratia</span> <span class='ocrx_word' id='word_1_183' title='bbox 971 3152 1153 3240; x_wconf 89' lang='lat' dir='ltr'>episcopus</span> <span class='ocrx_word' id='word_1_184' title='bbox 1168 3163 1203 3220; x_wconf 86' lang='lat' dir='ltr'>et</span> <span class='ocrx_word' id='word_1_185' title='bbox 1224 3153 1381 3240; x_wconf 89' lang='lat' dir='ltr'>princeps</span> <span class='ocrx_word' id='word_1_186' title='bbox 1402 3157 1570 3221; x_wconf 89' lang='lat' dir='ltr'>osnabru-</span> 
     </span>
    </p>
   </div>
   <div class='ocr_carea' id='block_1_9' title="bbox 336 3337 1578 4661">
    <p class='ocr_par' dir='ltr' id='par_1_9' title="bbox 336 3337 1572 4302">
     <span class='ocr_line' id='line_1_24' title="bbox 338 3337 1571 3413; baseline -0.001 -19"><span class='ocrx_word' id='word_1_187' title='bbox 338 3339 445 3411; x_wconf 90' lang='lat' dir='ltr'>Supra,</span> <span class='ocrx_word' id='word_1_188' title='bbox 459 3337 490 3394; x_wconf 91' lang='lat' dir='ltr'>in</span> <span class='ocrx_word' id='word_1_189' title='bbox 503 3356 553 3393; x_wconf 90' lang='lat' dir='ltr'>ora</span> <span class='ocrx_word' id='word_1_190' title='bbox 566 3338 707 3403; x_wconf 88' lang='lat' dir='ltr'>interiori,</span> <span class='ocrx_word' id='word_1_191' title='bbox 718 3339 811 3412; x_wconf 89' lang='lat' dir='ltr'>ipsius</span> <span class='ocrx_word' id='word_1_192' title='bbox 822 3339 955 3410; x_wconf 89' lang='lat' dir='ltr'>Jimenez</span> <span class='ocrx_word' id='word_1_193' title='bbox 967 3337 1003 3408; x_wconf 81' lang='lat' dir='ltr'>(l)</span> <span class='ocrx_word' id='word_1_194' title='bbox 1016 3356 1113 3394; x_wconf 90' lang='lat' dir='ltr'>manu:</span> <span class='ocrx_word' id='word_1_195' title='bbox 1131 3341 1246 3410; x_wconf 85' lang='lat' dir='ltr'>Questa</span> <span class='ocrx_word' id='word_1_196' title='bbox 1259 3343 1366 3397; x_wconf 85' lang='lat' dir='ltr'>lettera</span> <span class='ocrx_word' id='word_1_197' title='bbox 1378 3341 1393 3395; x_wconf 80' lang='grc' dir='ltr'><strong><em>ἑ</em></strong></span> <span class='ocrx_word' id='word_1_198' title='bbox 1403 3345 1461 3413; x_wconf 78' lang='lat' dir='ltr'>per</span> <span class='ocrx_word' id='word_1_199' title='bbox 1473 3341 1498 3394; x_wconf 85' lang='lat' dir='ltr'>il</span> <span class='ocrx_word' id='word_1_200' title='bbox 1511 3341 1571 3395; x_wconf 84' lang='lat' dir='ltr'>Pa-</span> 
     </span>
     <span class='ocr_line' id='line_1_25' title="bbox 338 3429 1570 3502; baseline -0.001 -18"><span class='ocrx_word' id='word_1_201' title='bbox 338 3430 394 3484; x_wconf 83' lang='lat' dir='ltr'>dre</span> <span class='ocrx_word' id='word_1_202' title='bbox 408 3429 581 3492; x_wconf 82' lang='lat' dir='ltr'>Euerardo,</span> <span class='ocrx_word' id='word_1_203' title='bbox 595 3448 647 3484; x_wconf 84' lang='lat' dir='ltr'>ma</span> <span class='ocrx_word' id='word_1_204' title='bbox 664 3430 891 3501; x_wconf 64' lang='lat' dir='ltr'>&amp;sopra-scritta</span> <span class='ocrx_word' id='word_1_205' title='bbox 907 3431 941 3484; x_wconf 85' lang='lat' dir='ltr'>al</span> <span class='ocrx_word' id='word_1_206' title='bbox 958 3429 1061 3484; x_wconf 81' lang='lat' dir='ltr'>Padre</span> <span class='ocrx_word' id='word_1_207' title='bbox 1077 3434 1212 3502; x_wconf 82' lang='lat' dir='ltr'>regente.</span> <span class='ocrx_word' id='word_1_208' title='bbox 1234 3430 1329 3502; x_wconf 92' lang='lat' dir='ltr'>Supra</span> <span class='ocrx_word' id='word_1_209' title='bbox 1347 3431 1430 3498; x_wconf 90' lang='lat' dir='ltr'>item,</span> <span class='ocrx_word' id='word_1_210' title='bbox 1449 3430 1479 3484; x_wconf 89' lang='lat' dir='ltr'>iu</span> <span class='ocrx_word' id='word_1_211' title='bbox 1497 3447 1570 3484; x_wconf 89' lang='lat' dir='ltr'>mar-</span> 
     </span>
     <span class='ocr_line' id='line_1_26' title="bbox 337 3516 1570 3591; baseline 0.001 -20"><span class='ocrx_word' id='word_1_212' title='bbox 337 3516 409 3588; x_wconf 87' lang='lat' dir='ltr'>gine</span> <span class='ocrx_word' id='word_1_213' title='bbox 423 3517 572 3585; x_wconf 85' lang='lat' dir='ltr'>exteriori,</span> <span class='ocrx_word' id='word_1_214' title='bbox 586 3517 643 3572; x_wconf 90' lang='lat' dir='ltr'>alia</span> <span class='ocrx_word' id='word_1_215' title='bbox 656 3534 753 3573; x_wconf 87' lang='lat' dir='ltr'>manu:</span> <span class='ocrx_word' id='word_1_216' title='bbox 768 3517 854 3586; x_wconf 81' lang='lat'>1562.</span> <span class='ocrx_word' id='word_1_217' title='bbox 875 3517 894 3573; x_wconf 87' lang='lat'><em>6</em></span> <span class='ocrx_word' id='word_1_218' title='bbox 912 3519 1059 3591; x_wconf 78' lang='lat' dir='ltr'>Augusti.</span> <span class='ocrx_word' id='word_1_219' title='bbox 1082 3518 1236 3574; x_wconf 83' lang='lat' dir='ltr'>Ximenez.</span> <span class='ocrx_word' id='word_1_220' title='bbox 1251 3519 1288 3575; x_wconf 90' lang='lat' dir='ltr'>P.</span> <span class='ocrx_word' id='word_1_221' title='bbox 1310 3519 1476 3575; x_wconf 82' lang='lat' dir='ltr'>Everardus</span> <span class='ocrx_word' id='word_1_222' title='bbox 1496 3519 1570 3573; x_wconf 81' lang='lat' dir='ltr'>Mer-</span> 
     </span>
     <span class='ocr_line' id='line_1_27' title="bbox 336 3606 1569 3679; baseline -0.001 -18"><span class='ocrx_word' id='word_1_223' title='bbox 336 3606 476 3662; x_wconf 87' lang='lat' dir='ltr'>curianus</span> <span class='ocrx_word' id='word_1_224' title='bbox 488 3606 677 3679; x_wconf 89' lang='lat' dir='ltr'>provincialis</span> <span class='ocrx_word' id='word_1_225' title='bbox 690 3624 811 3662; x_wconf 88' lang='lat' dir='ltr'>munere</span> <span class='ocrx_word' id='word_1_226' title='bbox 822 3607 1011 3678; x_wconf 84' lang='lat' dir='ltr'>fungebatur,</span> <span class='ocrx_word' id='word_1_227' title='bbox 1026 3615 1056 3661; x_wconf 88' lang='lat' dir='ltr'>et</span> <span class='ocrx_word' id='word_1_228' title='bbox 1067 3606 1097 3661; x_wconf 89' lang='lat' dir='ltr'>in</span> <span class='ocrx_word' id='word_1_229' title='bbox 1109 3609 1235 3678; x_wconf 83' lang='lat' dir='ltr'>collegio</span> <span class='ocrx_word' id='word_1_230' title='bbox 1248 3607 1413 3663; x_wconf 89' lang='lat' dir='ltr'>coloniensi</span> <span class='ocrx_word' id='word_1_231' title='bbox 1430 3608 1569 3678; x_wconf 86' lang='lat' dir='ltr'>degebat,</span> 
     </span>
     <span class='ocr_line' id='line_1_28' title="bbox 341 3695 1570 3769; baseline 0.002 -20"><span class='ocrx_word' id='word_1_232' title='bbox 341 3695 392 3750; x_wconf 91' lang='lat' dir='ltr'>ubi</span> <span class='ocrx_word' id='word_1_233' title='bbox 405 3695 441 3750; x_wconf 90' lang='lat' dir='ltr'>P.</span> <span class='ocrx_word' id='word_1_234' title='bbox 459 3696 627 3750; x_wconf 90' lang='lat' dir='ltr'>Leonardus</span> <span class='ocrx_word' id='word_1_235' title='bbox 641 3698 746 3752; x_wconf 88' lang='lat' dir='ltr'>Kessel</span> <span class='ocrx_word' id='word_1_236' title='bbox 761 3705 826 3752; x_wconf 86' lang='lat' dir='ltr'>erat</span> <span class='ocrx_word' id='word_1_237' title='bbox 839 3696 1097 3769; x_wconf 89' lang='lat' dir='ltr'>superintendens,</span> <span class='ocrx_word' id='word_1_238' title='bbox 1116 3697 1148 3750; x_wconf 91' lang='grc' dir='ltr'>Ρ.</span> <span class='ocrx_word' id='word_1_239' title='bbox 1169 3699 1298 3768; x_wconf 88' lang='lat' dir='ltr'>Joannes</span> <span class='ocrx_word' id='word_1_240' title='bbox 1313 3697 1449 3765; x_wconf 89' lang='lat' dir='ltr'>Rethius,</span> <span class='ocrx_word' id='word_1_241' title='bbox 1463 3713 1570 3768; x_wconf 85' lang='lat' dir='ltr'>regens</span> 
     </span>
     <span class='ocr_line' id='line_1_29' title="bbox 336 3785 1570 3858; baseline 0.002 -20"><span class='ocrx_word' id='word_1_242' title='bbox 336 3785 552 3857; x_wconf 89' lang='lat' dir='ltr'>convictorum,</span> <span class='ocrx_word' id='word_1_243' title='bbox 567 3786 599 3839; x_wconf 91' lang='lat' dir='ltr'>P.</span> <span class='ocrx_word' id='word_1_244' title='bbox 615 3786 784 3840; x_wconf 88' lang='lat' dir='ltr'>Leonardus</span> <span class='ocrx_word' id='word_1_245' title='bbox 795 3786 945 3852; x_wconf 78' lang='lat' dir='ltr'>VillariuS,</span> <span class='ocrx_word' id='word_1_246' title='bbox 959 3785 1104 3852; x_wconf 86' lang='lat' dir='ltr'>minister,</span> <span class='ocrx_word' id='word_1_247' title='bbox 1115 3787 1149 3841; x_wconf 92' lang='lat' dir='ltr'>P.</span> <span class='ocrx_word' id='word_1_248' title='bbox 1160 3787 1307 3842; x_wconf 88' lang='lat' dir='ltr'>Henricus</span> <span class='ocrx_word' id='word_1_249' title='bbox 1318 3786 1492 3858; x_wconf 86' lang='lat' dir='ltr'>Dionysius,</span> <span class='ocrx_word' id='word_1_250' title='bbox 1502 3803 1570 3840; x_wconf 88' lang='lat' dir='ltr'>con·</span> 
     </span>
     <span class='ocr_line' id='line_1_30' title="bbox 338 3873 1570 3947; baseline 0 -19"><span class='ocrx_word' id='word_1_251' title='bbox 338 3873 473 3928; x_wconf 85' lang='lat' dir='ltr'>cionator</span> <span class='ocrx_word' id='word_1_252' title='bbox 484 3873 516 3929; x_wconf 91' lang='lat' dir='ltr'>in</span> <span class='ocrx_word' id='word_1_253' title='bbox 525 3891 639 3928; x_wconf 89' lang='lat' dir='ltr'>summo</span> <span class='ocrx_word' id='word_1_254' title='bbox 650 3877 760 3947; x_wconf 89' lang='lat' dir='ltr'>templo</span> <span class='ocrx_word' id='word_1_255' title='bbox 770 3883 801 3929; x_wconf 90' lang='lat' dir='ltr'>et</span> <span class='ocrx_word' id='word_1_256' title='bbox 811 3874 951 3946; x_wconf 76' lang='lat' dir='ltr'>syndicus</span> <span class='ocrx_word' id='word_1_257' title='bbox 961 3875 1135 3944; x_wconf 90' lang='lat' dir='ltr'>communis,</span> <span class='ocrx_word' id='word_1_258' title='bbox 1143 3884 1174 3931; x_wconf 87' lang='lat' dir='ltr'>et</span> <span class='ocrx_word' id='word_1_259' title='bbox 1184 3877 1219 3930; x_wconf 90' lang='lat' dir='ltr'>P.</span> <span class='ocrx_word' id='word_1_260' title='bbox 1232 3875 1406 3931; x_wconf 85' lang='lat' dir='ltr'>Franciscus</span> <span class='ocrx_word' id='word_1_261' title='bbox 1417 3875 1570 3944; x_wconf 90' lang='lat' dir='ltr'>Costerus,</span> 
     </span>
     <span class='ocr_line' id='line_1_31' title="bbox 338 3961 1572 4036; baseline 0.001 -20"><span class='ocrx_word' id='word_1_262' title='bbox 338 3961 488 4033; x_wconf 82' lang='lat' dir='ltr'>professor</span> <span class='ocrx_word' id='word_1_263' title='bbox 498 3963 665 4032; x_wconf 85' lang='lat' dir='ltr'>theologiae</span> <span class='ocrx_word' id='word_1_264' title='bbox 678 3971 709 4018; x_wconf 91' lang='lat' dir='ltr'>et</span> <span class='ocrx_word' id='word_1_265' title='bbox 722 3963 863 4033; x_wconf 84' lang='lat' dir='ltr'>magister</span> <span class='ocrx_word' id='word_1_266' title='bbox 876 3963 1063 4019; x_wconf 88' lang='lat' dir='ltr'>novitiorum.</span> <span class='ocrx_word' id='word_1_267' title='bbox 1071 3962 1119 4019; x_wconf 82' lang='lat' dir='ltr'>Cf.</span> <span class='ocrx_word' id='word_1_268' title='bbox 1130 3964 1276 4036; x_wconf 68' lang='lat' dir='ltr'>Haustus,</span> <span class='ocrx_word' id='word_1_269' title='bbox 1288 3964 1463 4019; x_wconf 80' lang='lat' dir='ltr'>Rheim&#39;sclre</span> <span class='ocrx_word' id='word_1_270' title='bbox 1473 3963 1572 4018; x_wconf 78' lang='lat' dir='ltr'>Aleten</span> 
     </span>
     <span class='ocr_line' id='line_1_32' title="bbox 340 4049 1572 4124; baseline -0.001 -18"><span class='ocrx_word' id='word_1_271' title='bbox 340 4069 396 4106; x_wconf 78' lang='lat' dir='ltr'>aur</span> <span class='ocrx_word' id='word_1_272' title='bbox 412 4049 582 4108; x_wconf 76' lang='lat' dir='ltr'>Gesclrichte</span> <span class='ocrx_word' id='word_1_273' title='bbox 593 4054 645 4108; x_wconf 84' lang='lat' dir='ltr'>des</span> <span class='ocrx_word' id='word_1_274' title='bbox 651 4053 910 4124; x_wconf 81' lang='lat' dir='ltr'>jesuitenordens‚</span> <span class='ocrx_word' id='word_1_275' title='bbox 922 4053 1091 4122; x_wconf 79' lang='lat'><em>1542-1582‚</em></span> <span class='ocrx_word' id='word_1_276' title='bbox 1111 4070 1179 4124; x_wconf 88' lang='lat' dir='ltr'>pag.</span> <span class='ocrx_word' id='word_1_277' title='bbox 1194 4053 1324 4124; x_wconf 84' lang='lat'>778-780,</span> <span class='ocrx_word' id='word_1_278' title='bbox 1338 4052 1389 4108; x_wconf 92' lang='lat' dir='ltr'>ubi</span> <span class='ocrx_word' id='word_1_279' title='bbox 1405 4053 1572 4122; x_wconf 83' lang='lat' dir='ltr'>catalogum</span> 
     </span>
     <span class='ocr_line' id='line_1_33' title="bbox 338 4137 1572 4214; baseline -0.002 -18"><span class='ocrx_word' id='word_1_280' title='bbox 338 4139 488 4196; x_wconf 83' lang='lat' dir='ltr'>sociorum</span> <span class='ocrx_word' id='word_1_281' title='bbox 513 4140 666 4210; x_wconf 85' lang='lat' dir='ltr'>Coloniae,</span> <span class='ocrx_word' id='word_1_282' title='bbox 697 4159 774 4196; x_wconf 90' lang='lat' dir='ltr'>anno</span> <span class='ocrx_word' id='word_1_283' title='bbox 800 4142 868 4210; x_wconf 84' lang='lat'>1562</span> <span class='ocrx_word' id='word_1_284' title='bbox 890 4141 1149 4212; x_wconf 88' lang='lat' dir='ltr'>commorantium,</span> <span class='ocrx_word' id='word_1_285' title='bbox 1169 4141 1406 4214; x_wconf 87' lang='lat' dir='ltr'>officiorumque,</span> <span class='ocrx_word' id='word_1_286' title='bbox 1429 4157 1468 4195; x_wconf 82' lang='lat' dir='ltr'>ex</span> <span class='ocrx_word' id='word_1_287' title='bbox 1486 4137 1572 4196; x_wconf 88' lang='lat' dir='ltr'>codd.</span> 
     </span>
     <span class='ocr_line' id='line_1_34' title="bbox 338 4227 1570 4302; baseline -0.001 -18"><span class='ocrx_word' id='word_1_288' title='bbox 338 4227 430 4284; x_wconf 84' lang='lat' dir='ltr'>variis</span> <span class='ocrx_word' id='word_1_289' title='bbox 447 4229 652 4302; x_wconf 89' lang='lat' dir='ltr'>depromptum</span> <span class='ocrx_word' id='word_1_290' title='bbox 670 4231 802 4286; x_wconf 83' lang='lat' dir='ltr'>exhibet.</span> <span class='ocrx_word' id='word_1_291' title='bbox 820 4231 899 4286; x_wconf 90' lang='lat' dir='ltr'>Socii</span> <span class='ocrx_word' id='word_1_292' title='bbox 913 4231 1098 4286; x_wconf 88' lang='lat' dir='ltr'>colonienses</span> <span class='ocrx_word' id='word_1_293' title='bbox 1110 4231 1167 4285; x_wconf 91' lang='lat' dir='ltr'>hoc</span> <span class='ocrx_word' id='word_1_294' title='bbox 1183 4247 1260 4285; x_wconf 91' lang='lat' dir='ltr'>anno</span> <span class='ocrx_word' id='word_1_295' title='bbox 1273 4243 1308 4299; x_wconf 86' lang='lat'>52</span> <span class='ocrx_word' id='word_1_296' title='bbox 1327 4230 1570 4285; x_wconf 85' lang='lat' dir='ltr'>numerabantur.</span> 
     </span>
    </p>

    <p class='ocr_par' dir='ltr' id='par_1_10' title="bbox 338 4319 1577 4571">
     <span class='ocr_line' id='line_1_35' title="bbox 395 4319 1573 4392; baseline -0.002 -18"><span class='ocrx_word' id='word_1_297' title='bbox 395 4320 404 4353; x_wconf 83' lang='lat'>¹</span> <span class='ocrx_word' id='word_1_298' title='bbox 442 4319 565 4375; x_wconf 90' lang='lat' dir='ltr'>Colonia</span> <span class='ocrx_word' id='word_1_299' title='bbox 577 4319 625 4374; x_wconf 90' lang='lat' dir='ltr'>die</span> <span class='ocrx_word' id='word_1_300' title='bbox 636 4333 652 4388; x_wconf 87' lang='lat'>5</span> <span class='ocrx_word' id='word_1_301' title='bbox 677 4320 806 4392; x_wconf 85' lang='lat' dir='ltr'>Augusti</span> <span class='ocrx_word' id='word_1_302' title='bbox 827 4320 966 4375; x_wconf 88' lang='lat' dir='ltr'>discessit</span> <span class='ocrx_word' id='word_1_303' title='bbox 988 4321 1022 4375; x_wconf 90' lang='lat' dir='ltr'>P.</span> <span class='ocrx_word' id='word_1_304' title='bbox 1046 4319 1138 4375; x_wconf 87' lang='lat' dir='ltr'>Nadal</span> <span class='ocrx_word' id='word_1_305' title='bbox 1161 4337 1229 4376; x_wconf 90' lang='lat' dir='ltr'>cum</span> <span class='ocrx_word' id='word_1_306' title='bbox 1251 4337 1305 4375; x_wconf 91' lang='lat' dir='ltr'>suo</span> <span class='ocrx_word' id='word_1_307' title='bbox 1328 4319 1408 4374; x_wconf 91' lang='lat' dir='ltr'>socio</span> <span class='ocrx_word' id='word_1_308' title='bbox 1427 4319 1573 4390; x_wconf 80' lang='lat' dir='ltr'>Jimenez&#39;,</span> 
     </span>
     <span class='ocr_line' id='line_1_36' title="bbox 339 4406 1577 4484; baseline 0 -23"><span class='ocrx_word' id='word_1_309' title='bbox 339 4414 495 4484; x_wconf 85' lang='lat' dir='ltr'>postquam</span> <span class='ocrx_word' id='word_1_310' title='bbox 509 4415 569 4464; x_wconf 90' lang='lat' dir='ltr'>tres</span> <span class='ocrx_word' id='word_1_311' title='bbox 583 4408 713 4480; x_wconf 84' lang='lat' dir='ltr'>integras</span> <span class='ocrx_word' id='word_1_312' title='bbox 726 4409 925 4464; x_wconf 83' lang='lat' dir='ltr'>hebdomadas</span> <span class='ocrx_word' id='word_1_313' title='bbox 938 4409 969 4464; x_wconf 90' lang='lat' dir='ltr'>in</span> <span class='ocrx_word' id='word_1_314' title='bbox 986 4406 1147 4464; x_wconf 89' lang='lat' dir='ltr'>coloniensi</span> <span class='ocrx_word' id='word_1_315' title='bbox 1165 4409 1291 4480; x_wconf 89' lang='lat' dir='ltr'>collegio</span> <span class='ocrx_word' id='word_1_316' title='bbox 1309 4407 1465 4463; x_wconf 88' lang='lat' dir='ltr'>invisendo</span> <span class='ocrx_word' id='word_1_317' title='bbox 1483 4416 1514 4462; x_wconf 88' lang='lat' dir='ltr'>et</span> <span class='ocrx_word' id='word_1_318' title='bbox 1530 4423 1577 4461; x_wconf 92' lang='lat' dir='ltr'>or·</span> 
     </span>
     <span class='ocr_line' id='line_1_37' title="bbox 338 4493 1533 4571; baseline 0.001 -22"><span class='ocrx_word' id='word_1_319' title='bbox 338 4493 469 4551; x_wconf 88' lang='lat' dir='ltr'>dinando</span> <span class='ocrx_word' id='word_1_320' title='bbox 478 4497 684 4569; x_wconf 86' lang='lat' dir='ltr'>impendisset.</span> <span class='ocrx_word' id='word_1_321' title='bbox 701 4498 777 4553; x_wconf 93' lang='lat' dir='ltr'>Vide</span> <span class='ocrx_word' id='word_1_322' title='bbox 790 4498 877 4570; x_wconf 88' lang='lat' dir='ltr'>epist.</span> <span class='ocrx_word' id='word_1_323' title='bbox 891 4512 942 4568; x_wconf 90' lang='lat'>205</span> <span class='ocrx_word' id='word_1_324' title='bbox 954 4515 1022 4554; x_wconf 89' lang='lat' dir='ltr'>cum</span> <span class='ocrx_word' id='word_1_325' title='bbox 1035 4507 1148 4567; x_wconf 75' lang='lat' dir='ltr'>annot,</span> <span class='ocrx_word' id='word_1_326' title='bbox 1163 4506 1194 4553; x_wconf 89' lang='lat' dir='ltr'>et</span> <span class='ocrx_word' id='word_1_327' title='bbox 1206 4497 1409 4571; x_wconf 88' lang='lat' dir='ltr'>appendicem,</span> <span class='ocrx_word' id='word_1_328' title='bbox 1428 4515 1460 4551; x_wconf 89' lang='lat' dir='ltr'>n.</span> <span class='ocrx_word' id='word_1_329' title='bbox 1479 4496 1533 4551; x_wconf 85' lang='lat' dir='ltr'>1x.</span> 
     </span>
    </p>

    <p class='ocr_par' dir='ltr' id='par_1_11' title="bbox 395 4583 1578 4661">
     <span class='ocr_line' id='line_1_38' title="bbox 395 4583 1578 4661; baseline 0.002 -22"><span class='ocrx_word' id='word_1_330' title='bbox 395 4589 407 4620; x_wconf 76' lang='lat'>⁸</span> <span class='ocrx_word' id='word_1_331' title='bbox 444 4587 489 4640; x_wconf 87' lang='lat' dir='ltr'>Ex</span> <span class='ocrx_word' id='word_1_332' title='bbox 502 4589 674 4660; x_wconf 85' lang='lat' dir='ltr'>archetypo,</span> <span class='ocrx_word' id='word_1_333' title='bbox 688 4587 719 4642; x_wconf 88' lang='lat' dir='ltr'>in</span> <span class='ocrx_word' id='word_1_334' title='bbox 739 4586 813 4643; x_wconf 87' lang='lat' dir='ltr'>Cod.</span> <span class='ocrx_word' id='word_1_335' title='bbox 836 4602 885 4658; x_wconf 83' lang='lat'>29,</span> <span class='ocrx_word' id='word_1_336' title='bbox 905 4589 947 4657; x_wconf 84' lang='lat' dir='ltr'>b),</span> <span class='ocrx_word' id='word_1_337' title='bbox 969 4587 1116 4643; x_wconf 85' lang='lat' dir='ltr'>German.</span> <span class='ocrx_word' id='word_1_338' title='bbox 1136 4587 1246 4661; x_wconf 75' lang='lat' dir='ltr'>Epist,</span> <span class='ocrx_word' id='word_1_339' title='bbox 1261 4587 1350 4642; x_wconf 90' lang='lat' dir='ltr'>unico</span> <span class='ocrx_word' id='word_1_340' title='bbox 1363 4586 1413 4641; x_wconf 85' lang='lat' dir='ltr'>iol.</span> <span class='ocrx_word' id='word_1_341' title='bbox 1431 4583 1466 4639; x_wconf 86' lang='lat'>30</span> <span class='ocrx_word' id='word_1_342' title='bbox 1487 4583 1578 4654; x_wconf 81' lang='lat'>(389).</span> 
     </span>
    </p>
   </div>
   <div class='ocr_carea' id='block_1_10' title="bbox 344 4672 1056 4748">
    <p class='ocr_par' dir='ltr' id='par_1_12' title="bbox 344 4672 1056 4748">
     <span class='ocr_line' id='line_1_39' title="bbox 344 4672 1056 4748; baseline 0.003 -20"><span class='ocrx_word' id='word_1_343' title='bbox 344 4672 413 4728; x_wconf 84' lang='lat' dir='ltr'>Sola</span> <span class='ocrx_word' id='word_1_344' title='bbox 426 4673 605 4746; x_wconf 88' lang='lat' dir='ltr'>subscriptio</span> <span class='ocrx_word' id='word_1_345' title='bbox 618 4683 664 4732; x_wconf 86' lang='lat' dir='ltr'>est</span> <span class='ocrx_word' id='word_1_346' title='bbox 678 4675 808 4748; x_wconf 89' lang='lat' dir='ltr'>episcopi</span> <span class='ocrx_word' id='word_1_347' title='bbox 823 4693 910 4730; x_wconf 89' lang='lat' dir='ltr'>manu</span> <span class='ocrx_word' id='word_1_348' title='bbox 924 4683 1056 4730; x_wconf 77' lang='lat' dir='ltr'>exarata.</span> 
     </span>
    </p>
   </div>
   <div class='ocr_carea' id='block_1_11' title="bbox 0 0 1811 5380">
    <p class='ocr_par' dir='ltr' id='par_1_13' title="bbox 0 0 1811 5380">
     <span class='ocr_line' id='line_1_40' title="bbox 0 0 1811 5380; baseline 0 0"><span class='ocrx_word' id='word_1_349' title='bbox 0 0 1811 5380; x_wconf 95' lang='lat' dir='ltr'> </span> 
     </span>
    </p>
   </div>
  </div>
 </body>
</html>
