3464 5386
323 429 377 500 434
585 451 595 466 ’
748 433 851 488 Errsr.
872 428 905 486 P.
926 427 1129 502 Naana-329

324 583 371 651 Mi
387 585 518 668 eparso
535 605 648 652 essere
665 583 687 648 il
704 583 772 650 mio
787 583 916 664 debito,
934 583 1125 676 essendomi
1136 594 1271 653 trouato
1283 583 1318 651 in
1330 585 1443 671 questi
1454 586 1547 673 prin-

324 696 401 782 cipii
417 699 472 766 del
488 699 635 784 collegio
662 711 696 766 et
714 698 899 765 uniuersita
914 700 958 766 de
984 698 1135 786 Dilinga,
1166 704 1229 769 che
1257 701 1298 768 V.
1320 701 1357 769 S.
1376 701 1481 769 Illma.
1503 705 1547 768 ha

322 833 476 882 comessa
492 837 512 880 a
527 825 643 880 nostra
661 813 885 900 Compagnia,
904 814 1040 882 doueuo
1065 814 1226 897 uisitarla,
1250 827 1285 884 et
1304 815 1388 882 darli
1405 817 1547 901 qualche

325 927 528 1015 raguaglio'
548 949 613 994 con
631 941 750 1012 queste
763 927 830 994 mie
845 929 966 997 lettere
981 929 1069 996 delle
1090 949 1168 996 cose
1184 931 1219 996 di
1235 952 1314 1016 qua,
1338 931 1462 1017 perche
1480 953 1545 998 non

324 1043 444 1109 dubito
460 1046 524 1109 che
541 1064 638 1111 come
655 1053 799 1130 patrone
815 1045 858 1111 de
875 1043 953 1110 tutti
970 1045 1053 1110 nuoi
1070 1031 1174 1112 molto
1186 1047 1392 1127 amoreuole,
1406 1057 1441 1114 et
1452 1067 1547 1114 come

323 1159 504 1227 fundatore
520 1158 554 1224 di
571 1163 683 1246 quest’
701 1181 815 1245 opera,
836 1181 878 1226 ne
894 1162 1024 1226 hauera·
1038 1163 1080 1228 V.
1100 1162 1136 1229 S.
1162 1162 1266 1228 llhna.
1291 1163 1435 1246 qualche
1454 1163 1544 1229 solli-

325 1273 475 1342 citudine
492 1297 591 1362 sopra
608 1276 731 1359 quella,
762 1294 857 1342 come
884 1275 956 1341 l¹ho
979 1284 1099 1362 potuto
1126 1279 1235 1346 anche
1256 1279 1380 1344 uedere
1400 1299 1460 1364 per
1481 1299 1545 1344 una

323 1389 456 1469 lettera,
474 1392 539 1456 che
560 1391 603 1456 de
624 1393 816 1476 Maguzano
835 1390 880 1458 lei
901 1389 930 1456 si
951 1390 1066 1477 degnd
1089 1391 1238 1459 scriuere
1254 1395 1286 1458 al
1301 1395 1342 1459 P.
1361 1392 1498 1460 Canisio
1512 1403 1545 1459 et

328 1524 429 1570 ame.

395 1637 426 1686 2.
476 1619 561 1699 Hor,
581 1629 709 1705 quanto
725 1619 790 1685 alla
811 1619 1005 1705 prouisione
1027 1619 1060 1686 di
1081 1632 1203 1706 questo
1224 1622 1382 1710 collegio,
1400 1643 1466 1688 non
1481 1601 1543 1688 du'-

326 1732 466 1800 bitiamo
493 1737 557 1801 che
578 1736 621 1802 V.
652 1734 688 1803 S.
718 1735 822 1802 Illma.
851 1735 987 1816 habbia,
1006 1757 1096 1802 come
1111 1735 1183 1802 dice
1203 1737 1228 1818 ¹,
1252 1737 1369 1804 scritto
1389 1737 1544 1804 achiba

327 1869 410 1915 cura
425 1849 459 1915 di
475 1849 677 1935 prouederci
693 1851 758 1918 che
774 1872 876 1918 senza
891 1849 1105 1918 escusatione
1120 1851 1254 1932 alcuna,
1270 1874 1338 1920 non
1354 1852 1489 1919 manchi
1504 1853 1544 1920 de

326 1965 387 2029 dar
403 1963 683 2050 l’assignamento
701 1965 871 2032 ordinario
887 1963 966 2031 delli
986 1966 1070 2032 1800
1085 1965 1207 2048 fiorini,
1226 1979 1261 2034 et
1277 1971 1385 2036 anche
1397 1979 1543 2036 extraor-

325 2079 455 2145 dinario
482 2082 546 2146 che
576 2101 636 2166 per
663 2078 788 2148 fomite
804 2091 925 2165 questo
941 2080 1086 2180 collegio
1110 2082 1197 2148 delle
1219 2083 1404 2150 masseritie
1420 2094 1455 2151 et
1470 2103 1544 2151 cose

327 2195 519 2263 necessarie
534 2195 717 2282 bisognera
732 2199 841 2264 anche
856 2197 889 2262 lo
905 2197 1066 2281 proueda,
1082 2195 1117 2262 in
1132 2198 1233 2264 modo
1246 2199 1309 2265 che
1324 2201 1488 2266 almanco
1501 2201 1543 2266 fin

327 2331 347 2377 a
365 2327 406 2376 20
423 2331 567 2396 persone
584 2313 659 2398 (che
675 2333 735 2398 per
750 2312 870 2379 adesso
886 2315 1042 2400 saranno)
1058 2315 1153 2382 siano
1170 2316 1231 2380 ben
1248 2316 1259 2348 ³
1281 2315 1444 2400 prouiste.

393 2445 424 2509 3.
473 2427 522 2494 La
537 2437 703 2494 stretezza
718 2427 807 2493 della
822 2449 900 2496 casa
916 2427 961 2494 mi
978 2451 1058 2516 pare
1073 2453 1093 2497 a
1108 2451 1163 2496 me
1178 2430 1206 2496 si
1223 2451 1324 2516 possa
1339 2442 1544 2517 comportare

327 2539 437 2606 insino
455 2541 519 2607 alla
533 2551 661 2608 uenuta
678 2539 712 2606 di
728 2543 771 2609 V.
791 2543 827 2610 S.
846 2543 967 2624 Illma.,
985 2546 1110 2630 perche
1126 2566 1194 2611 non
1212 2547 1299 2612 uedo
1321 2566 1417 2612 come
1436 2544 1472 2611 in
1487 2567 1544 2613 sua

326 2655 479 2720 absentia
496 2655 524 2722 si
540 2677 640 2742 possa
656 2656 723 2724 ben
740 2657 940 2742 prouedere;
962 2669 1151 2726 accettamo
1171 2663 1253 2745 perd
1275 2662 1387 2745 quello
1407 2663 1471 2728 che
1486 2663 1542 2728 be-

325 2768 546 2855 nignamente
563 2771 729 2853 offerisce,
747 2770 775 2837 si
792 2770 827 2837 in
844 2773 943 2838 alcun
960 2794 1039 2839 caso
1056 2773 1139 2840 fossi
1155 2776 1346 2876 necessario
1359 2779 1423 2844 che
1434 2777 1541 2844 alcuni

325 2885 369 2950 de
385 2885 493 2951 nostri
506 2885 709 2955 dormissem
720 2886 756 2952 in
769 2887 898 2973 palam,
912 2887 1069 2955 massime
1086 2888 1113 2954 si
1126 2889 1321 2958 hauessimo
1333 2891 1412 2958 delli
1423 2891 1542 2978 hospiti

326 2999 369 3065 de
384 3011 500 3067 nostra
512 3001 736 3088 Compagnia,
751 3001 841 3088 quali
854 3001 1045 3072 altrimente
1058 3026 1126 3070 non
1137 3006 1323 3091 potessimo
1340 3006 1469 3094 alogiar
1480 3009 1542 3073 ben

326 3114 414 3182 nelle
431 3127 548 3185 stanze
563 3127 691 3198 nostre,
711 3139 775 3183 con
795 3116 819 3183 li
835 3118 927 3202 quali
942 3119 1062 3185 adesso
1078 3119 1109 3184 ci
1130 3141 1335 3205 passarem0,
1361 3122 1543 3190 ordinando

326 3232 369 3296 V.
389 3232 426 3299 S.
445 3232 550 3298 lllma.
570 3235 634 3299 che
650 3232 954 3299 habbiamo'libero
969 3245 1004 3300 et
1016 3245 1145 3301 serrato
1157 3257 1177 3301 a
1189 3247 1308 3303 nostro
1321 3238 1422 3305 modo
1434 3237 1458 3302 il
1468 3257 1542 3303 cur-

326 3344 384 3411 tile
400 3355 435 3413 et
451 3347 539 3412 l'uso
555 3347 610 3414 del
626 3357 701 3412 orto
715 3369 777 3432 per
792 3347 977 3433 spasegiar.

393 3479 426 3543 4.
474 3461 514 3527 Li
536 3463 599 3527 208
621 3461 731 3528 fiorini
752 3465 816 3528 che
832 3465 877 3528 ha
897 3463 1050 3531 riceuuto
1069 3465 1094 3530 il
1110 3468 1149 3532 P.
1170 3465 1308 3534 Canisio
1331 3467 1367 3533 in
1387 3469 1542 3555 Augusta

325 3659 383 3710 sta.
398 3655 456 3710 Del
470 3656 508 3710 P.
522 3654 626 3709 Natal.
639 3657 814 3727 Exemplum
828 3656 969 3728 epistolae
982 3657 1079 3728 hujus,
1094 3658 1170 3714 unde
1184 3659 1263 3715 illam
1277 3661 1461 3732 protulimus,
1473 3671 1543 3717 tran·

327 3753 475 3816 sumptum
486 3762 552 3799 esse
563 3743 680 3800 videtur
690 3746 841 3816 archetypi
851 3745 1024 3801 Tridentum
1035 3765 1051 3802 a
1061 3748 1148 3804 Patre
1159 3748 1250 3805 Nadal
1261 3749 1332 3805 dati.
1341 3751 1376 3805 In
1386 3753 1441 3806 hoc
1450 3760 1542 3806 autem

327 3841 509 3905 transumpto
523 3835 620 3906 aliqua
638 3833 806 3890 emendavit
818 3835 973 3907 Polancus,
986 3837 1154 3910 priusquam
1171 3837 1295 3894 nitidum
1309 3842 1475 3912 exemplum
1487 3857 1544 3895 car-

327 3921 418 3977 dinali
431 3923 607 3977 mittendum
629 3921 885 3994 transcriberetur,
899 3924 977 3996 quod
989 3924 1107 3996 quidem
1121 3927 1249 3982 indicare
1263 3927 1399 3990 videntur
1411 3947 1461 3996 ea,
1474 3945 1545 4001 quae

328 4011 360 4065 P.
377 4011 531 4080 Polancus,
547 4030 584 4067 ex
597 4011 815 4081 commissione,
829 4012 877 4068 die
892 4009 924 4067 13
937 4013 1114 4070 Novembris
1127 4015 1163 4071 ad
1176 4015 1209 4070 P.
1225 4015 1406 4072 Ludovicum
1419 4017 1456 4073 de
1469 4019 1545 4073 Men·

327 4100 400 4155 doza
413 4100 540 4172 scripsit,
555 4101 678 4156 seilicet:
696 4099 742 4160 nSi
757 4118 810 4157 son
823 4101 935 4157 riceute
949 4103 1054 4158 lettere
1067 4103 1115 4158 del
1129 4103 1162 4158 P.
1174 4105 1260 4160 Natal
1275 4113 1306 4160 et
1319 4105 1351 4161 P.
1367 4102 1485 4163 Canisio
1497 4124 1546 4179 per

326 4192 354 4243 lo
374 4187 467 4244 Illmo.
492 4188 633 4258 cardinal,
654 4198 685 4244 et
704 4207 800 4245 nanno
819 4189 880 4264 qui,
900 4189 965 4245 anzi
987 4191 1064 4247 forsa
1084 4191 1104 4248 il
1124 4193 1200 4264 plico
1213 4195 1294 4249 serra
1312 4195 1441 4252 drizzato
1457 4213 1474 4251 a
1491 4193 1545 4250 Sua

327 4277 401 4333 Stia.
415 4279 532 4334 Illma.n
547 4277 672 4350 Ibidem,
686 4281 736 4335 fol.
752 4279 814 4335 361.

380 4368 388 4400 ¹
426 4368 510 4423 Prius
523 4369 665 4441 scriptum
679 4369 774 4424 fuerat
787 4373 846 4425 dar
859 4371 983 4442 qualche
996 4373 1195 4446 raguaglioa
1214 4371 1248 4426 V.

380 4461 391 4491 ²
431 4455 520 4513 Come
532 4459 596 4513 dice
615 4467 662 4514 est
678 4475 696 4513 a
713 4459 840 4514 Polanco
857 4459 997 4532 scriptum
1016 4461 1079 4516 loco
1096 4461 1231 4516 vocabuli
1244 4458 1312 4529 cosi,
1327 4463 1405 4536 quod
1420 4463 1543 4520 deletum

325 4553 382 4600 est.

379 4635 390 4667 ³
427 4633 491 4699 ben,
505 4633 635 4692 additum
649 4654 666 4691 a
679 4637 815 4692 Polanco.
