3634 5396
342 428 400 494 ouo
757 507 759 512 Α
803 431 910 490 Emsu.
933 429 969 484 P.
994 427 1108 486 Nauae

345 603 481 650 oramus
497 603 599 668 quarn
615 602 796 668 possumus
813 577 1110 652 uehementissime
1127 589 1165 649 ut
1178 580 1245 650 hoc
1258 579 1361 664 (quud
1375 587 1471 648 certo
1486 597 1571 663 spe·

346 692 460 742 ramus
476 681 511 739 et
526 670 756 756 expectamus)
771 673 1005 756 impetremus.
1022 668 1191 738 Dominus
1207 667 1364 740 Christus
1386 677 1572 736 conseruet

346 761 387 825 T.
406 762 449 826 D.
468 771 504 828 et
520 771 624 827 totam
645 763 734 826 hane
750 757 957 830 Societatem
978 757 1013 824 in
1033 758 1185 830 solamen
1204 767 1239 824 et
1257 757 1402 826 salutem
1422 754 1572 823 catholi-

343 867 404 914 cae
419 847 583 916 ecclesiae
602 869 811 934 praecamur,
830 847 1106 916 commendantes
1122 868 1185 916 nos
1200 845 1334 916 deuotis
1349 843 1471 912 vestris
1487 865 1571 913 ora-

345 936 506 1004 tionibus.
525 936 667 1019 Merani,
691 938 730 1004 16
746 935 945 1007 Decembris
967 935 1062 1019 1564.

410 1023 1568 1110 Minorem:miremort.:Wrnnrm.=Erom.=Jonrm.

409 1205 440 1270 A
458 1207 565 1290 tergo,
586 1203 702 1270 eadem
723 1224 840 1270 manu:
861 1202 969 1288 Copia
992 1200 1166 1270 literarum
1189 1199 1493 1278 serenissimarum,
1517 1199 1574 1266 la-

343 1291 425 1358 tina.
445 1293 536 1358 Alio:
557 1293 652 1375 1564.
676 1296 823 1360 Merena
843 1293 891 1360 Le
909 1291 1035 1375 cinque
1056 1289 1186 1376 regine’,
1209 1311 1230 1356 a
1254 1289 1293 1358 16
1312 1288 1347 1354 di
1362 1289 1572 1367 Decembre,

344 1380 498 1466 figliuole
529 1381 594 1447 del'
628 1381 808 1467 imperator
841 1380 1055 1448 Fordinando
1081 1381 1116 1444 d'
1145 1377 1299 1448 Austria.
1326 1377 1485 1444 Elatia:
1513 1377 1575 1444 Ad

344 1471 387 1535 R.
408 1472 447 1536 Ρ.
463 1471 630 1556 Jacobum
647 1469 784 1538 Lainez.
828 1545 832 1550 ,
889 1505 893 1513 .

905 1611 1015 1678 XLIV

709 1736 748 1789 B.
775 1734 951 1792 PETRUS
980 1731 1198 1790 CANISIUS

745 1863 850 1910 parm
874 1862 1011 1924 Jacoao
1035 1859 1169 1908 tamuz
1279 1915 1281 1920 ,

679 1968 872 2054 Augustae,
891 1965 1076 2056 6Januarii
1104 1967 1186 2050 1565
1215 1969 1237 2032 ¹.

407 2091 564 2148 Scribendi
576 2092 781 2146 ministerium
795 2093 994 2146 commendat:
1007 2092 1127 2145 litteras
1140 2090 1268 2160 indicas,
1282 2089 1430 2162 dialogos,
1442 2091 1501 2145 etc.

810 2163 886 2235 typis
898 2163 1006 2220 excudi
1018 2165 1115 2234 optat.

477 2271 585 2338 Valde
608 2291 769 2356 rogamus
789 2281 827 2336 vt
850 2279 1014 2356 urgeatur
1035 2269 1212 2355 negotium
1233 2267 1402 2336 scribendi
1428 2265 1575 2350 aliquid,

347 2361 438 2444 quod
450 2357 485 2425 in
497 2358 622 2426 scholis
634 2357 785 2445 praelegi
800 2359 919 2444 possit,
938 2360 982 2425 ob
995 2358 1215 2443 multiplicem
1228 2357 1302 2426 eius
1314 2355 1362 2425 rei
1375 2355 1575 2424 utilitatem.

349 2447 512 2516 Miramur
526 2447 641 2536 literas
656 2446 786 2514 indicas
803 2446 931 2513 tamdiu
944 2446 1139 2516 desiderari.
1154 2446 1317 2533 Dialogus
1329 2443 1430 2513 etiarn
1444 2446 1485 2512 P.
1500 2445 1571 2512 Na·

348 2537 425 2602 talis
441 2557 509 2602 non
524 2535 625 2622 pauci
641 2546 806 2622 cuperent
826 2558 971 2604 excusos
992 2535 1125 2615 uidere,
1148 2535 1238 2626 sicut
1257 2544 1292 2603 et
1312 2533 1579 2601 commentarios

347 2627 392 2693 D.
412 2624 605 2691 Emanuelis
621 2623 656 2690 in
674 2635 742 2691 tres
757 2625 998 2712 euangelistae.
1018 2627 1146 2692 Verum
1166 2623 1354 2710 impediunt
1374 2621 1578 2707 occupatio-

348 2735 410 2782 nes
426 2714 511 2781 aliae
527 2715 681 2793 fortasse,
702 2726 738 2780 ut
754 2714 897 2782 adhaec
913 2713 1025 2780 studia
1041 2735 1110 2779 non
1126 2713 1364 2794 descendatur,
1382 2732 1469 2797 quae
1481 2711 1578 2778 mul-

349 2812 422 2868 tum
439 2813 552 2870 tamen
568 2813 602 2870 et
617 2801 703 2868 lucis
723 2813 758 2870 et
779 2801 993 2869 authoritatis
1013 2814 1048 2868 et
1071 2801 1152 2869 boni
1172 2800 1298 2887 publici
1318 2801 1490 2869 adferrent
1506 2821 1580 2866 no-

349 2901 439 2959 strae
456 2891 661 2961 Societati...
1623 2905 1628 2910 ·

918 3088 1013 3154 XLV

686 3210 1012 3266 STANlSl.AUS
1041 3207 1232 3268 HOSIUS

789 3316 944 3372 cardinalis
958 3317 1130 3372 varmiensis

751 3445 857 3493 111111
881 3445 1017 3507 Jacono
1041 3445 1173 3494 Larnnz

641 3549 877 3636 Heilsbergae,
908 3569 947 3616 10
965 3551 1118 3639 Januarii
1146 3551 1228 3638 1565
1253 3551 1277 3616 ¹.
1377 3557 1380 3564 ’

723 3669 853 3748 collegii
865 3675 1078 3748 Brunsbergae
1090 3675 1195 3730 initia.

417 3781 502 3847 Rde.
523 3783 625 3847 Pater
640 3779 674 3846 in
695 3780 833 3848 Christo
856 3781 1053 3848 charissime
1069 3793 1104 3850 et
1123 3783 1334 3850 honorande.
1358 3780 1424 3867 Egi
1443 3779 1580 3868 gratias

351 3879 450 3936 antea
468 3871 573 3937 Rdae.
594 3871 633 3936 P.
653 3871 696 3936 V.
715 3892 776 3957 pro
792 3892 916 3938 nouem
933 3873 958 3950 ³,
974 3892 1061 3955 quos
1076 3893 1097 3938 e
1112 3870 1284 3940 Societate
1300 3892 1363 3937 sua
1378 3869 1515 3938 miserat
1529 3871 1579 3936 ad

392 4101 428 4222 ‘rt
453 4098 496 4152 Ex
514 4100 688 4226 archeggpo,
706 4100 736 4156 in
758 4102 858 4226 Epist.
888 4101 1017 4173 Conisii,
1039 4102 1148 4176 duplici
1170 4101 1238 4188 fol.,
1263 4101 1313 4172 148
1336 4102 1391 4172 (51,
1413 4105 1472 4170 52).
1497 4099 1578 4171 Vide,

351 4185 417 4274 epi}
435 4180 827 4314 {gsgrrghsstffig’asspegoi
839 4174 1025 4317 {gliiplztci
1044 4243 1195 4313 fol.,103.
1217 4243 1292 4300 Vide
1312 4244 1401 4315 epist.
1417 4240 1480 4312 313,
1494 4260 1526 4298 n.
1545 4241 1578 4310 8;

352 4308 416 4379 314,
429 4328 462 4366 n.
482 4323 506 4378 13
521 4310 583 4396 34ss
599 4321 629 4397 et
641 4313 784 4385 append,
798 4315 875 4370 XLI.
890 4316 966 4372 Item
978 4315 1019 4370 cl.
1038 4317 1423 4384 ROSTowsxt-Manmtov,
1435 4313 1581 4372 Lituani-

349 4399 458 4440 aarum
473 4383 628 4440 Societatts
634 4385 710 4457 Jasu
721 4387 921 4442 historiarum
935 4388 1008 4443 libri
1019 4390 1130 4460 decem,
1145 4400 1188 4456 11,
1202 4399 1232 4446 2.

406 4453 417 4484 ³
454 4453 632 4524 Rostowski,
651 4459 705 4512 loc.
724 4457 994 4528 cit.,duotantu1n
1013 4477 1049 4514 ex
1071 4459 1117 4514 his
1139 4475 1246 4514 novem
1270 4456 1357 4514 sociis
1379 4455 1519 4524 nominat,
1530 4471 1577 4510 sc.

353 4523 594 4667 §ggisggphfrum
616 4526 805 4584 Strobellium
823 4537 858 4611 ¹et
879 4528 999 4586 Petrum
1025 4530 1117 4586 Phae.
1148 4529 1256 4586 Prioris
1282 4544 1404 4588 examen
1426 4527 1519 4582 habes
1544 4526 1582 4582 in

477 4635 495 4666 .,
528 4637 534 4650 .
