3666 5384
343 437 397 480 vm
687 422 879 478 Paoomuuu
898 431 1036 476 sacuam
1055 431 1225 478 voconius

346 574 407 642 tris
422 574 549 643 Lainez
564 585 600 643 et
616 576 656 641 P.
678 571 818 640 Polanci
830 571 988 652 exaratiS,
1002 573 1221 658 depromptae
1232 582 1325 653 sunt,
1339 583 1375 639 et
1386 571 1422 639 in
1434 571 1569 654 codice,

346 692 411 758 sub
426 711 570 759 numero
587 709 641 774 33,
660 689 702 776 c),
721 689 767 776 d),
786 688 821 755 in
838 700 930 755 tomo
946 689 962 754 1
977 687 1159 773 descripto,
1179 699 1408 756 asservantur.

413 806 577 874 Caeterae
600 806 737 873 tandem
756 803 921 891 epistolae
946 803 1119 871 variorum
1139 803 1183 870 ad
1205 805 1244 870 P.
1268 804 1396 884 Nadal,
1420 814 1455 871 et
1475 802 1570 885 illae,

346 943 435 1008 quae
450 922 493 990 de
508 920 611 988 rebus
622 922 665 987 ab
677 918 751 1006 ipso
763 918 874 1006 gestis
883 918 927 986 ad
939 917 1159 1006 appendicem
1175 919 1279 1004 hujus
1290 917 1473 987 voluminis
1487 919 1567 1004 reji-

347 1036 497 1116 ciuntur,
515 1038 718 1121 archetypae
735 1044 773 1102 ut
788 1034 983 1121 plurimum,
1005 1035 1202 1119 frequenter
1216 1033 1319 1101 etiam
1335 1037 1571 1122 autographae

347 1162 440 1219 sunt.
459 1149 606 1231 Videsis,
624 1171 712 1236 quae
727 1149 772 1215 de
788 1159 859 1217 tota
878 1152 943 1217 hac
959 1148 1047 1218 serie
1064 1147 1283 1237 epistolarum
1304 1149 1339 1216 in
1360 1149 1571 1236 praefatione

349 1267 500 1354 generali
517 1265 624 1333 totius
640 1263 752 1352 operis
767 1264 926 1332 diximus.

420 1635 451 1684 2.
499 1617 733 1702 Epistolarum
757 1617 1034 1704 genua—Quod
1056 1618 1100 1683 ad
1119 1637 1231 1703 genus
1252 1637 1313 1683 seu
1333 1626 1489 1683 naturam
1510 1618 1573 1683 ha-

353 1753 428 1798 rum
443 1731 662 1817 epistolarum
678 1729 812 1812 attinet,
834 1729 981 1797 maxima
1000 1752 1118 1800 earum
1146 1752 1225 1817 pars
1244 1733 1287 1797 ad
1313 1729 1466 1798 intimam
1493 1731 1572 1800 Lai-

353 1846 448 1913 nium
468 1847 556 1915 inter
575 1854 610 1913 et
631 1845 789 1915 Natalem
809 1845 1150 1914 communicationem
1170 1844 1260 1912 circa
1279 1845 1461 1915 Societatis
1481 1847 1573 1934 regi-

354 1982 445 2042 men,
462 1961 644 2048 praecipue
660 1960 696 2026 in
711 1960 907 2041 Germania,
925 1960 1083 2047 pertinet.
1106 1962 1282 2046 Frequens
1304 1960 1462 2046 equidem
1481 1961 1577 2030 litte-

354 2097 468 2144 rarum
498 2076 740 2145 commercium
771 2076 859 2144 inter
889 2075 1119 2163 praepositum
1149 2077 1345 2162 generalem
1380 2076 1578 2160 Societatis,

355 2191 497 2278 ejusque
513 2191 548 2257 in
564 2202 637 2258 tota
650 2191 836 2260 Germania
847 2189 1127 2274 commissarium,
1141 2212 1289 2276 quocum
1302 2191 1503 2278 gravissima
1514 2215 1578 2260 ne-

355 2308 450 2394 gotia
465 2307 674 2389 conferebat,
693 2317 767 2375 toto
784 2307 1001 2394 sesquianno,
1016 2328 1085 2393 quo
1096 2306 1169 2393 ipse
1180 2307 1215 2374 in
1231 2307 1417 2376 tridentino
1432 2309 1578 2376 concilio

356 2421 520 2508 pontificii
536 2421 687 2510 theologi
703 2444 844 2491 munere
864 2423 1084 2510 fungebatur,
1108 2424 1200 2490 haud
1219 2424 1411 2509 spernenda
1425 2424 1577 2492 subsidia

356 2536 517 2605 historiae
544 2537 765 2624 scriptoribus
790 2537 1032 2624 suppeditabit.
1062 2538 1211 2625 Negotia
1238 2538 1377 2626 insuper
1402 2539 1579 2625 potissima

357 2652 531 2740 religionis
553 2665 588 2720 et
609 2653 789 2723 Societatis
805 2653 840 2720 in
862 2652 985 2734 Gallia,
1010 2653 1181 2736 Flandria,
1199 2654 1377 2742 Hispania,
1400 2654 1576 2723 Lusitania

357 2780 393 2835 et
404 2769 500 2836 ltalia
515 2771 711 2855 frequenter
722 2789 800 2836 cum
816 2769 898 2836 viris
913 2769 1063 2856 egregiis
1075 2791 1096 2836 e
1110 2779 1226 2838 nostra
1237 2770 1410 2841 societate
1427 2772 1481 2839 vel
1496 2793 1575 2838 cum

358 2883 567 2970 principibus
583 2883 821 2953 ecclesiasticis
840 2895 876 2951 et
895 2884 990 2952 laicis
1010 2885 1045 2952 in
1065 2884 1119 2952 his
1141 2885 1293 2972 epistolis
1313 2896 1573 2973 pertractantur.

359 2998 480 3067 Nuntii
506 2999 703 3086 saepissime
723 2999 1014 3081 intermiscentur,
1036 3001 1091 3067 vel
1110 3002 1154 3068 de
1178 3001 1321 3068 concilio
1341 3002 1577 3082 oecumenico,

358 3116 414 3184 vel
441 3115 485 3184 de
514 3115 720 3202 reipublicae
750 3116 1073 3203 perturbationibus,
1106 3117 1161 3184 vel
1191 3118 1234 3182 de
1264 3116 1512 3186 haereticomm
1543 3119 1580 3184 in

360 3231 546 3297 catholicos
572 3230 713 3312 insidiis,
736 3231 846 3314 bellis,
875 3231 1126 3313 vexationibus,
1149 3231 1294 3318 scriptis,
1323 3231 1465 3318 aliisque
1492 3234 1583 3302 bene

361 3344 477 3412 multis
492 3345 582 3414 scitu
596 3346 695 3432 plane
711 3346 930 3435 dignissimis

428 3461 527 3528 Aliae
538 3472 620 3528 sunt
630 3473 806 3548 praeterea
817 3463 961 3543 litterae,
976 3462 1296 3544 commissariorum,
1308 3462 1580 3550 provincialium,

362 3587 547 3658 rectorum,
567 3577 684 3664 quiex
701 3577 878 3665 Hispania,
900 3578 1087 3660 Lusitania,
1116 3578 1229 3646 Gallia
1250 3587 1286 3646 et
1307 3579 1503 3660 Germania,
1526 3602 1583 3648 res

363 3702 479 3778 gestas
498 3691 679 3774 sociorum,
702 3692 919 3762 difficultates
939 3693 974 3759 in
994 3693 1160 3781 regimine
1187 3705 1417 3776 occurrentes,
1442 3694 1582 3782 negotia

363 3807 500 3874 tandem
527 3807 664 3895 majoris
682 3807 845 3878 momenti
871 3809 985 3877 Natali
1011 3808 1155 3876 subinde
1179 3808 1341 3878 referunt.
1373 3811 1474 3878 Tales
1501 3821 1582 3878 sunt

363 3921 529 4008 epistolae
545 3925 686 3991 Patrum
702 3925 830 4008 Araoz,
845 3922 987 3992 Oliverii
1003 3925 1166 4006 Manarei,
1180 3924 1313 3993 Nicolai
1324 3926 1491 4012 Delanoy,
1506 3928 1582 3994 An-

364 4037 447 4104 tonii
464 4037 590 4119 Vinch‚
604 4039 746 4128 Joannis
767 4041 907 4122 Suarez,
937 4038 1090 4124 aliaeque
1113 4041 1312 4126 permultae.
1335 4041 1427 4109 lnter
1448 4043 1510 4108 has
1528 4065 1584 4109 re-

364 4155 557 4222 censendae
573 4166 698 4236 essent,
717 4177 804 4240 quae
819 4178 841 4223 a
857 4158 897 4223 B.
915 4155 1055 4223 Canisio
1070 4156 1114 4223 ad
1129 4157 1285 4224 Natalem
1301 4157 1400 4224 datae
1417 4160 1482 4225 hoc
1498 4169 1586 4228 tem-

364 4289 449 4354 pore
465 4270 614 4338 fuerunt.
633 4271 711 4340 Illas
727 4281 854 4352 autem,
871 4271 989 4358 siquae
1004 4270 1040 4337 in
1056 4271 1261 4340 Germaniae
1277 4270 1394 4339 aliisve
1414 4273 1593 4341 tabulariis

365 4383 525 4464 existant,
555 4387 646 4471 quod
669 4397 761 4454 certe
784 4386 994 4475 ignoramus
1024 4388 1067 4453 ab
1087 4386 1222 4454 erudito
1242 4388 1423 4457 Societatis
1449 4399 1589 4458 nostrae

364 4499 439 4566 viro
456 4502 496 4568 P.
516 4502 645 4569 Ottone
662 4505 918 4590 Braunsberger
939 4503 974 4569 in
995 4501 1096 4571 tertio
1116 4513 1151 4570 et
1171 4503 1392 4592 sequentibus
1412 4504 1590 4572 collectio-

365 4615 420 4683 nis
435 4616 628 4686 canisianae
643 4618 885 4701 voluminibus‚
899 4619 1083 4708 praeclare,
1101 4620 1191 4688 sicut
1206 4619 1242 4686 in
1257 4619 1428 4706 prioribus
1443 4619 1589 4707 praesti-
