3526 5380
601 437 636 493 29
655 425 840 480 Duceuarrrs
861 421 930 495 1562
1337 442 1387 500 195

228 592 280 657 13.
337 575 480 660 'Quanto
496 575 528 642 al
547 586 639 643 resto
659 575 694 643 di
716 576 883 662 scriuere,
900 580 945 646 N.
972 581 1012 646 P.
1037 581 1169 648 benehe
1186 579 1220 645 lo
1242 591 1387 647 trouauo

154 687 209 754 dal
226 689 396 777 principio
411 690 518 758 molto
534 691 656 772 alieno,
674 714 730 759 ma
750 713 819 759 non
841 704 937 761 tanto
957 695 1093 776 adesso;
1113 705 1148 764 et
1170 717 1214 762 uo
1239 697 1388 763 anchora

152 805 373 892 designando
383 828 451 874 con
463 829 525 875 sua
538 805 611 874 pri
628 831 666 876 se
678 808 862 894 potessimo
873 821 988 878 trouar
1000 811 1123 877 alcuno
1135 811 1221 878 altro
1233 811 1269 876 in
1282 812 1390 878 Roma

153 923 221 989 che
249 921 563 1008 sperimentassimo
588 921 617 990 si
644 923 854 994 riuscirebbe
881 947 942 1012 per
968 925 1118 993 scriuere
1144 930 1165 992 ¹.
1194 928 1272 992 Con
1300 936 1390 993 tutto

154 1048 282 1119 questo
297 1037 331 1103 io
346 1039 391 1104 ho
407 1059 572 1124 speranza
583 1039 660 1108 chel
673 1042 712 1106 P.
732 1042 826 1106 M,tro
847 1039 986 1108 Canisio
998 1045 1095 1126 potra
1111 1041 1241 1107 aiutare
1253 1040 1287 1106 in
1304 1041 1390 1108 seri-

154 1163 238 1209 uere
255 1153 353 1210 tanto
369 1144 460 1212 forsa
475 1165 572 1213 come
588 1145 825 1233 qualsiuoglia.
842 1148 936 1214 Hase
952 1150 1100 1214 anchora
1113 1147 1264 1214 scrittoa
1279 1149 1388 1215 Roma

153 1278 219 1324 con
248 1258 435 1345 diligencia
462 1263 526 1350 che
558 1265 642 1329 Μ.ῐο
663 1262 786 1328 Fuluio
806 1272 841 1329 et
862 1264 946 1328 Μ.ῐο
976 1262 1195 1349 Perpignano
1223 1262 1249 1345 ¹,
1278 1265 1341 1330 che
1369 1264 1389 1329 ὁ

153 1371 175 1437 11
192 1373 378 1454 rhetorioO,
396 1384 431 1442 et
447 1374 470 1440 li
486 1374 632 1462 migliori
648 1377 680 1443 la
695 1378 740 1443 de
755 1378 802 1464 gl’
822 1378 898 1444 altri
913 1380 977 1446 che
992 1381 1107 1444 hanno
1120 1378 1203 1446 letto
1216 1377 1388 1445 rhetorica

151 1489 263 1554 molto
291 1500 416 1575 temp0,
431 1490 564 1556 saccino
591 1491 696 1561 latine
722 1493 755 1560 lc
769 1493 891 1562 lettere
918 1493 1002 1562 dell'
1020 1493 1126 1573 India,
1153 1505 1187 1561 et
1211 1492 1243 1559 io
1268 1515 1334 1560 con
1355 1493 1388 1561 la

152 1602 269 1687 gratia
284 1604 341 1671 del
357 1604 484 1690 Signor
499 1609 575 1674 saro
591 1606 789 1673 sollicitator
805 1607 839 1673 di
853 1618 941 1676 tutte
956 1620 1078 1692 queste
1094 1629 1176 1677 cose
1189 1611 1214 1673 ³.

225 1737 281 1800 14.
331 1721 384 1786 De
399 1722 506 1786 hauer
522 1721 678 1807 maggior
700 1722 824 1789 facolta
840 1723 878 1788 in
888 1725 973 1810 foro
990 1723 1152 1787 interiori
1169 1743 1227 1808 per
1240 1723 1386 1791 Germa-

153 1833 222 1914 nia,
242 1835 336 1901 ultra
351 1835 441 1905 delle
456 1837 524 1904 due
539 1837 645 1918 dette,
663 1837 693 1902 si
710 1842 893 1923 procurata
908 1837 1150 1923 specialmente
1170 1859 1230 1924 per
1249 1838 1272 1904 li
1295 1837 1385 1918 libri,

152 1949 259 2036 dopoi
274 1952 339 2020 che
355 1949 405 2016 sia
428 1971 523 2018 meso
547 1951 635 2018 fuori
651 1950 674 2017 il
699 1953 869 2039 catalog0,
888 1955 943 2020 del
963 1954 1064 2039 quale
1087 1951 1115 2020 si
1134 1963 1235 2020 tratta
1251 1954 1383 2020 adesso

155 2065 219 2132 Del
230 2075 330 2134 resto
343 2065 456 2134 scriue
471 2067 495 2132 il
512 2070 553 2134 Ρ.
572 2067 837 2136 M.⁰P01ane0⁴.
853 2067 943 2138 Nelli
959 2068 1114 2154 sacrificij
1129 2069 1216 2138 della
1229 2070 1269 2135 R.
1289 2070 1332 2136 V.
1353 2079 1387 2136 et

153 2180 233 2246 delli
251 2181 349 2266 padri
363 2193 398 2249 et
413 2181 559 2250 orationi
575 2185 618 2251 de
634 2185 756 2250 fratelli
776 2183 822 2254 mi
837 2185 1062 2251 raccomando
1085 2185 1141 2250 nel
1163 2185 1321 2271 Signore.
1340 2181 1386 2250 Di

156 2295 299 2376 Trento,
319 2315 363 2384 29
377 2297 412 2362 di
427 2298 529 2365 ΚΜ
550 2300 645 2382 1562.

210 2584 218 2616 ¹
259 2581 415 2637 Scribendi
437 2580 632 2637 ministerium
656 2582 754 2653 magni
775 2583 950 2638 aestimabat
972 2581 1120 2650 Canisius,
1143 2581 1231 2654 idque
1254 2599 1305 2653 pro
1326 2581 1384 2636 fide

153 2669 302 2725 catholica
315 2671 346 2726 in
363 2670 522 2727 Germania
535 2670 645 2726 tuenda
658 2689 843 2744 summopere
861 2671 995 2727 conferre
1013 2686 1070 2725 non
1083 2670 1246 2737 dubitabat3
1261 2669 1386 2742 ideoque

155 2759 319 2816 verisimile
332 2775 450 2831 prorsus
463 2767 510 2814 est
522 2759 620 2816 Natali
637 2760 811 2816 Tridentum
829 2759 1026 2832 proficiscenti
1044 2758 1266 2814 commendasse
1284 2767 1317 2813 ut
1333 2758 1386 2812 ali·

154 2865 227 2920 quos
240 2866 258 2902 e
273 2848 362 2904 sociis
375 2866 391 2903 a
404 2849 570 2920 praeposito
581 2849 714 2919 generali
727 2848 875 2920 designari
888 2856 1014 2918 curaret,
1025 2847 1076 2921 qui
1088 2847 1156 2903 huic
1170 2847 1283 2902 muneri
1295 2846 1385 2901 desti-

154 2945 309 2992 narentur.
328 2937 452 3008 Saepius
466 2937 542 2992 idem
556 2937 693 2993 Canisius
706 2939 736 2993 in
755 2938 815 2992 suis
833 2939 966 3009 epistolis
983 2939 1039 2993 hoc
1056 2935 1209 3008 negotium
1226 2935 1384 2991 Societatis

154 3025 390 3080 moderatoribus
402 3025 630 3081 commendavit.
642 3027 690 3094 Et,
700 3035 732 3081 ut
742 3025 797 3081 alia
809 3026 975 3081 testimonia
989 3025 1132 3089 omittam,
1144 3023 1237 3096 ipsius
1247 3026 1338 3078 verba
1348 3023 1384 3079 ad

152 3112 186 3168 P.
205 3113 344 3169 Lainium
358 3112 393 3168 23
406 3113 516 3185 Aprilis
531 3113 600 3182 1558
612 3114 680 3169 data
693 3115 822 3187 proferre
833 3114 968 3170 sufficiat:
981 3115 1026 3169 «la
1037 3130 1125 3185 opera
1138 3112 1385 3168 riuscirebbe‘con

151 3219 224 3272 gran
241 3202 401 3274 guadagno
419 3203 457 3258 de
476 3203 601 3263 autorita
623 3220 762 3276 appresso
778 3203 856 3258 della
876 3212 967 3274 gente
988 3203 1140 3271 thudesca,
1158 3204 1270 3274 laquel
1288 3201 1317 3256 fa
1335 3201 1385 3274 piir

148 3301 236 3348 conto
249 3291 289 3346 de
300 3309 340 3346 un
353 3292 488 3348 scrittore
501 3293 556 3347 che
569 3292 606 3347 de
620 3292 697 3347 dieci
708 3292 835 3348 lettorii
847 3294 1115 3354 Banunseanosn,
1127 3292 1184 3346 loc.
1195 3291 1259 3358 cit,
1270 3292 1310 3362 ll,
1321 3304 1383 3361 259.

204 3377 217 3410 ³
254 3380 379 3435 Fulvius
392 3379 549 3451 CarduluS,
563 3389 593 3435 et
605 3381 711 3436 Petrus
725 3382 861 3452 Perpiilal.
881 3380 956 3435 Vide
971 3381 1062 3452 epist.
1080 3379 1143 3449 237,
1157 3398 1187 3434 n.
1201 3396 1228 3450 9.

207 3469 218 3502 ³
256 3469 334 3524 Vide
352 3469 441 3541 epist.
464 3467 528 3539 237,
546 3487 575 3524 n.
594 3485 622 3539 93
641 3477 672 3524 et
684 3468 747 3538 243,
766 3487 795 3523 n.
810 3485 837 3540 9.
858 3469 914 3524 Die
932 3478 1030 3524 autem
1048 3480 1064 3538 7
1085 3467 1216 3540 Januarii
1232 3467 1300 3538 1563
1313 3470 1385 3522 haec

154 3557 301 3614 Polancus
315 3559 395 3613 Patri
413 3557 554 3613 Madridio
567 3557 725 3613 scribebat:
746 3557 901 3612 «Resciuid
920 3557 957 3611 N.
975 3558 1009 3615 P.
1028 3559 1071 3612 las
1084 3556 1121 3612 de
1137 3558 1172 3612 V.
1186 3559 1222 3611 R.
1237 3557 1274 3611 de
1288 3555 1324 3611 30
1337 3557 1384 3612 del

155 3646 292 3718 passado,
305 3665 326 3718 y
339 3647 388 3702 uid
401 3637 500 3720 loque
513 3664 546 3702 se
559 3646 674 3702 escriue
686 3645 723 3701 de
742 3663 840 3702 nueuo
854 3648 940 3701 sobre
960 3647 987 3700 la
1001 3645 1174 3701 translation
1186 3645 1224 3700 de
1238 3646 1281 3700 las
1295 3647 1385 3701 letras

155 3736 191 3791 de
205 3739 234 3793 la
247 3737 342 3804 India,
355 3754 387 3808 y,
399 3753 516 3808 aunque
529 3753 655 3808 parecen
668 3737 781 3791 buenos
794 3735 950 3791 recuerdos
963 3738 992 3790 lo
1004 3735 1069 3807 [sic]
1082 3752 1139 3807 que
1149 3735 1187 3790 da
1197 3736 1234 3789 V.
1245 3737 1293 3804 R.,
1305 3735 1385 3790 toda·

155 3829 204 3882 ula
217 3827 246 3882 le
259 3843 365 3900 parece
378 3828 394 3879 a
407 3824 444 3880 N.
460 3825 492 3879 P.
506 3842 563 3898 que
583 3825 654 3880 Μ.ῐο
668 3825 772 3880 Fuluio
792 3824 880 3897 podra
899 3841 1052 3895 comencar
1073 3823 1246 3896 empleando
1266 3841 1303 3878 en
1321 3833 1385 3880 esto

154 3917 246 3987 algdn
259 3915 378 3988 tiempo,
394 3914 440 3970 sin
452 3914 543 3969 dexar
556 3931 591 3969 su
604 3914 720 3969 estudio
733 3913 769 3968 de
788 3915 947 3984 theologia,
967 3931 986 3984 y
1001 3914 1028 3967 el
1042 3917 1097 3966 alio
1111 3921 1212 3966 entero
1225 3929 1282 3983 que
1295 3911 1386 3967 desea

155 4005 286 4077 emplear
299 4021 337 4059 en
350 4005 378 4058 el
391 4005 420 4059 lo
433 4003 522 4076 podra
535 4005 623 4058 hezer
635 4003 763 4075 despues
775 4021 831 4074 que
846 4019 878 4057 se
897 4003 987 4056 acabe
1001 4008 1065 4056 esta
1079 4001 1251 4056 translatidn
1263 4019 1283 4072 y
1295 4002 1322 4056 al
1336 4018 1385 4055 ve·

154 4111 226 4149 rano
238 4111 296 4166 que
310 4091 397 4148 uiene
409 4092 525 4165 quando
538 4091 596 4147 den
609 4093 693 4162 lugar
704 4093 747 4146 las
762 4089 911 4146 uacantias
924 4091 962 4146 de
981 4092 1023 4144 las
1042 4089 1197 4158 lectiones,
1211 4093 1229 4143 ό
1242 4092 1269 4144 el
1283 4106 1385 4145 menor

153 4182 263 4255 tiempo
274 4199 333 4254 que
346 4200 384 4237 en
397 4184 469 4238 ellas
482 4198 514 4236 se
526 4185 654 4252 gastari,
666 4181 755 4253 podra
766 4182 853 4236 hazer
864 4196 965 4250 mayor
973 4195 1142 4250 progresso:
1153 4197 1173 4250 y
1184 4193 1266 4232 corno
1276 4179 1384 4248 alguna

154 4281 243 4343 teugo
256 4271 418 4340 traducidu,
432 4272 460 4326 la
472 4272 570 4326 emble
583 4273 600 4325 a
613 4270 650 4325 N.
665 4269 698 4325 P.
714 4269 746 4324 Si
759 4287 797 4324 en
815 4277 879 4325 este
893 4267 990 4323 medio
1008 4269 1120 4323 uiniere
1138 4267 1217 4321 Μ.ῐο
1235 4267 1381 4338 vanegas,

154 4361 244 4434 podra
256 4379 304 4418 ser
316 4377 374 4434 que
387 4362 415 4416 el
428 4359 516 4416 aliuie
530 4362 556 4415 al
570 4359 603 4414 P.
619 4358 724 4414 Fuluio
736 4359 773 4413 de
785 4375 858 4430 gran
872 4367 954 4430 parte
967 4356 1052 4412 deste
1070 4357 1184 4428 trabajo
1200 4375 1213 4408 11
1227 4357 1272 4410 Ex
1285 4358 1385 4411 arche·

156 4459 239 4524 troo.
252 4451 283 4506 in
297 4449 370 4505 Cod-
385 4449 478 4514 PLB.
493 4465 528 4519 94
541 4449 591 4517 ttl·

208 4542 221 4574 ⁴
256 4539 340 4595 Hanc
362 4539 517 4611 epistolam
539 4536 632 4592 edidit
654 4537 923 4605 BRAUNSBERGER,
946 4537 1004 4591 loc.
1028 4535 1092 4605 cit.,
1117 4535 1171 4603 Ill,
1196 4533 1326 4605 581·585,
1346 4553 1384 4590 ex

157 4627 260 4684 eodem
273 4637 405 4701 regesto,
418 4627 468 4683 fol.
484 4628 546 4700 126,
558 4627 772 4700 depromptam.
1026 4619 1029 4624 '
