3604 5380
29 15 509 150 *rr

680 507 683 540 ἲ
721 499 795 570 1561'
939 491 941 494 ¹
1330 518 1364 573 77

137 665 242 722 neum
256 653 519 741 'grammaticum
536 673 638 739 posse
653 653 777 720 docere
792 673 871 720 cum
890 646 1003 719 fructu
1018 652 1055 719 in
1069 669 1124 735 4³
1142 655 1264 734 classe,
1279 675 1367 739 quae

139 779 230 838 osset
242 767 462 856 amplissima.

205 947 297 1014 149
602 964 760 1027 nuonns,
786 964 899 1012 omno

208 1118 357 1183 Euoram
374 1113 468 1182 volui
485 1114 600 1182 venire
615 1103 797 1200 antequam
814 1113 1048 1200 Vlysiponam;
1062 1137 1154 1184 eram
1167 1115 1257 1184 enim
1270 1127 1369 1182 actu-

143 1253 200 1299 rus
219 1233 226 1265 ¹
250 1232 295 1298 de
310 1230 451 1298 statutis
471 1229 704 1308 vniuersitatis
726 1227 818 1296 illius
837 1250 915 1300 cum
938 1229 1101 1296 cardinali
1123 1229 1265 1313 infante3
1287 1253 1369 1317 pro-

145 1357 261 1432 pterea
277 1345 472 1414 existimaui
493 1345 724 1414 necessarium
745 1355 784 1410 vt
803 1343 953 1412 viderem
977 1345 1072 1431 prius
1095 1367 1163 1431 quo
1178 1346 1254 1413 loco
1274 1357 1371 1415 erant

146 1484 196 1530 res
211 1461 306 1530 illius
326 1462 476 1548 collegij.

208 1580 260 1646 Eo
280 1576 427 1646 euocaui
457 1579 497 1643 P.
527 1577 721 1661 Goncalum
749 1575 906 1656 Vazium,
930 1597 1032 1662 quem
1057 1597 1162 1663 quum
1184 1575 1369 1664 cogitarem

146 1693 325 1780 designare
339 1690 597 1779 prouincialem,
612 1691 768 1758 volebam
781 1689 856 1758 eius
872 1711 983 1758 mores
995 1701 1031 1760 et
1046 1690 1224 1778 ingenium
1243 1691 1251 1781 Ι
1270 1703 1306 1761 et
1317 1692 1370 1759 in-

148 1808 315 1874 dustriam
333 1809 388 1874 vel
408 1807 467 1873 illo
488 1816 639 1892 tempore
660 1805 818 1892 experiri;
842 1805 909 1872 iam
929 1805 1075 1891 primum
1096 1805 1187 1874 enim
1208 1806 1266 1874 vbi
1292 1807 1372 1874 veni

151 1923 209 1988 in*
228 1921 490 2010 Portugalliam,
512 1920 706 1990 existimaui
721 1921 916 1989 necessario
942 1941 1017 1988 esse
1043 1923 1227 1988 creandum
1243 1943 1372 1989 nouum

151 2037 406 2123 prouincialem,
424 2047 603 2123 propterea
623 2037 716 2121 quod
735 2039 780 2103 D.
804 2037 929 2103 Torres
949 2059 1017 2104 non
1039 2047 1172 2125 poterat
1191 2049 1374 2122 vtrumque

152 2174 273 2221 munus
299 2152 399 2235 tueri,
425 2163 461 2219 et
482 2151 681 2219 confessarii
703 2151 844 2239 reginae
864 2163 899 2222 et
926 2153 1155 2239 prouincialis‚
1177 2153 1376 2240 praesertim

152 2291 252 2354 quum
268 2267 307 2358 [i]
325 2268 465 2336 visitare
480 2289 550 2334 non
562 2279 677 2354 posset
689 2267 912 2354 prouinciam,
927 2290 996 2336 non
1009 2267 1099 2336 enim
1111 2280 1244 2355 poterat
1256 2271 1376 2336 abesse

152 2387 316 2472 aregina‚
334 2396 402 2452 etc.

213 2500 401 2568 intellectis
417 2521 505 2585 quae
524 2511 622 2566 erant
644 2497 849 2585 inquirenda
869 2501 1014 2580 Euorae,
1038 2498 1195 2568 venimus
1215 2499 1375 2586 Vlysipo-

154 2637 238 2696 nam,
257 2617 410 2685 adducto
427 2618 467 2682 P.
486 2616 615 2696 Leone,
630 2636 688 2699 qur
704 2625 778 2682 erat
789 2610 1024 2706 necessalrius]
1035 2614 1124 2681 150
1135 2616 1179 2681 ad
1191 2614 1375 2701 negocium

156 2729 204 2794 sui
218 2731 367 2817 collegij.
387 2729 534 2798 Valebat
548 2729 675 2814 alioqui
690 2729 873 2815 plurimum
888 2729 1091 2797 auctoritate
1105 2739 1141 2795 et
1157 2729 1266 2817 gratia
1286 2731 1379 2816 apud*

157 2845 356 2913 cardinalem
373 2847 400 2911 ⁸.

217 3023 292 3092 151
657 3043 882 3092 vursrnouse

217 3193 283 3260 Hic
298 3192 450 3275 visitani,
467 3205 549 3272 etc,
567 3203 602 3260 et
617 3192 788 3279 respondi,
808 3205 872 3261 etc.
897 3193 935 3258 ln
952 3193 1099 3280 collegio
1115 3193 1257 3280 impegit
1272 3193 1308 3259 in
1323 3195 1380 3260 di-'

158 3307 272 3374 ficilem
291 3307 546 3395 persuasionem
567 3306 704 3391 quidam
730 3309 834 3375 frater
853 3309 991 3388 doctus,
1015 3329 1084 3376 non
1109 3330 1208 3394 posse
1233 3309 1378 3396 obligari

158 3422 356 3490 Societatem
368 3423 426 3490 illa
437 3423 558 3510 regula
569 3423 612 3488 de
623 3423 793 3491 delatione
805 3424 946 3490 fratrum
959 3424 1089 3508 absque
1100 3423 1256 3491 discursu
1269 3446 1377 3492 euan-

160 3538 273 3622 gelico.
291 3539 500 3608 Laboratum
516 3549 569 3604 est
584 3560 652 3606 non
670 3537 895 3619 mediocriter;
913 3561 985 3605 non
1011 3539 1100 3606 enim
1113 3539 1161 3604 illi
1172 3548 1305 3625 poterat
1317 3560 1372 3607 ve·

163 3651 235 3721 ritas
255 3654 466 3740 persuaderj,
484 3664 519 3721 et
538 3673 581 3720 ex
595 3652 846 3739 probatioribus
866 3653 988 3737 aliquis
1008 3653 1164 3722 dubitare
1184 3653 1376 3722 videbatur.

163 3769 319 3852 Tandem,
328 3767 454 3836 auditis'
467 3767 715 3850 Patribus,dixi
735 3768 741 3856 Ι
761 3768 808 3834 illi
821 3768 915 3835 fratri
927 3791 1003 3836 esse
1015 3767 1233 3837 indicendum
1246 3769 1382 3856 grauisss

164 3881 239 3952 sime
253 3907 299 3953 ne
315 3883 497 3969 quicquam
514 3885 614 3970 plane
628 3905 670 3950 ea
684 3884 727 3953 de
743 3906 780 3952 re
800 3904 879 3949 cum
900 3905 1047 3969 quocum
1068 3894 1200 3970 ageret,
1217 3884 1382 3952 scriberet

164 3999 201 4063 ad
216 4001 352 4067 Patrem
368 4000 576 4086 generalem,
601 4010 798 4086 expectaret
817 4020 1031 4086 responsum,
1054 4010 1089 4066 et
1108 3999 1329 4086 polliceretur
1344 4021 1382 4064 se

164 4127 375 4202 accepturum
396 4114 509 4182 Patris
528 4113 773 4184 definitionem.
797 4116 875 4182 Hoc
895 4115 924 4181 si
945 4115 1062 4195 nollet,
1087 4137 1141 4181 me
1160 4116 1261 4180 domo
1285 4112 1381 4179 illum

44 4259 46 4308 ι
164 4227 352 4298 eiecturum.
385 4229 520 4298 Profuit
546 4231 631 4298 haec
656 4230 842 4312 sententia,
865 4251 929 4298 nec
956 4230 1021 4296 fuit
1041 4252 1220 4299 necessum
1245 4231 1384 4297 Patrem

164 4347 344 4414 consulere.
364 4347 408 4412 Et
423 4355 550 4426 tamen,
568 4347 661 4431 quod
676 4349 762 4413 haec
781 4345 957 4431 persuasio
976 4345 1155 4414 dicebatur
1176 4344 1283 4414 fuisse
1298 4343 1385 4411 alio-

216 4535 223 4565 ¹
259 4533 293 4588 In
305 4549 364 4588 ms.
382 4537 508 4588 acturus
520 4535 659 4590 iteratum
672 4541 731 4590 est.

214 4623 226 4654 ³
260 4622 295 4676 ln
308 4637 366 4676 ms.
381 4624 454 4678 haec
467 4624 611 4696 particula
622 4624 784 4678 cancellata
798 4630 857 4678 est.

217 4711 227 4742 ¹
263 4711 327 4767 Fol.
342 4723 394 4781 150
407 4729 436 4766 v.
451 4713 491 4768 nil
505 4714 646 4785 scriptum
659 4714 758 4769 habet.

270 4815 357 4863 Errrr.
373 4817 400 4865 Ρ.
414 4817 516 4876 Ninia,
531 4829 588 4864 rou.
603 4818 636 4864 11.
