3634 5396
403 467 457 538 646
855 467 960 524 Emer.
979 466 1012 520 Ρ.
1033 465 1147 522 ΝΑοΑι

403 642 441 687 re
461 616 595 684 nouerit
615 587 712 705 plura
733 618 907 687 dicereP.
932 617 1106 685 Natalis...
1136 615 1300 684 Miramur
1321 618 1369 684 M.
1393 617 1612 683 Theobaldum

403 709 555 773 nondum
572 709 615 772 ad
630 718 767 776 nostros
787 707 1030 808 Oenipontum
1041 727 1116 774 esse
1133 707 1336 792 profectum,
1359 705 1425 773 nisi
1444 727 1532 773 nunc
1549 707 1613 772 Ior-

403 807 494 864 tasse
508 817 550 863 eo
571 797 739 882 peruenit,
761 795 892 881 dequo
912 793 1032 881 scripsi
1052 817 1161 864 meam
1182 796 1226 862 ad
1247 797 1287 861 P.
1312 795 1468 862 Natalem
1487 805 1612 863 senten-

360 918 364 928 ι
404 884 540 951 tiam¹.

468 936 574 1040 Nouit
590 984 625 1041 et
641 976 681 1041 Ρ.
700 973 832 1041 Natalis
847 973 890 1040 de
906 983 998 1040 statu
1013 971 1116 1039 huius
1131 970 1295 1040 ecclesiae
1308 970 1567 1074 [herbipolensis]
1583 985 1615 1040 et

401 1049 468 1127 lo'ci
489 1061 652 1148 propositi
672 1061 868 1130 conditione
888 1061 983 1142 satis,
1008 1061 1045 1128 ut
1065 1083 1147 1130 sane
1167 1061 1355 1128 uerendum
1373 1060 1421 1126 sit
1439 1082 1482 1127 ne
1500 1081 1615 1147 graues
1693 1105 1697 1118 ·

401 1149 501 1216 nobis
516 1149 688 1218 molestias
704 1151 835 1218 adserat
846 1154 913 1217 hoc
925 1150 1135 1236 collegium
1144 1150 1253 1216 .Nam
1270 1148 1388 1214 didicit
1404 1149 1533 1216 satisP.
1547 1151 1611 1216 Na·

403 1237 479 1312 talis
489 1250 616 1324 quanta
625 1260 847 1326 personarum
858 1260 1012 1325 penuria,
1022 1237 1219 1325 praesertim
1228 1260 1265 1304 ιη
1273 1237 1613 1318 schol1s‚laboremus‚

403 1348 466 1394 nec
482 1339 638 1414 sumptus
651 1327 785 1414 quidem
799 1329 919 1397 deesse
934 1327 963 1394 si
979 1348 1142 1394 numerus
1158 1337 1366 1413 augeatur...
1386 1328 1480 1394 Haec
1492 1337 1614 1394 tantum

403 1414 527 1496 indic0‚
548 1426 585 1482 ut
601 1416 707 1483 maior
723 1417 767 1484 sit
783 1416 916 1484 occasio
937 1419 978 1484 P.
1001 1416 1115 1485 Natali
1136 1437 1206 1482 rem
1232 1425 1335 1481 totam
1353 1415 1567 1502 proponendi,
1584 1426 1616 1482 et

403 1526 472 1571 non
488 1505 597 1572 solum
615 1504 694 1572 huic
710 1506 838 1587 domui,
858 1507 918 1572 sed
935 1505 1036 1574 etiam
1053 1505 1249 1591 prouinciae
1270 1515 1407 1571 nostrae
1426 1503 1617 1572 consulendi

402 1593 590 1662 mutatione
605 1594 738 1681 capitis
753 1595 827 1664 siue
842 1594 1069 1681 prouincialis.

941 1815 1087 1881 XXVIII

672 1942 781 2004 OTTO
799 1945 1029 2002 TRUCHSESS
1049 1946 1102 2000 DE
1121 1943 1353 2002 WALDBURG

837 2061 993 2117 cardinalis
1006 2071 1187 2132 augustanus

809 2199 915 2246 enirn
933 2199 1069 2261 Jacono
1086 2198 1218 2247 Lmnsz

703 2311 910 2393 Placentiae,
926 2331 968 2394 24
980 2311 1180 2380 Decembris
1197 2313 1279 2395 15'63
1292 2313 1316 2376 ¹.

467 2444 513 2499 De
526 2447 682 2498 contractu
689 2443 888 2515 fundationis
900 2446 1022 2518 collegii
1034 2444 1203 2518 dilingani:
1217 2445 1253 2499 de
1264 2444 1342 2498 socio
1354 2443 1475 2498 itineris
1487 2443 1548 2496 sui.

468 2562 574 2634 Molto
589 2560 703 2627 Rdo.'
694 2582 729 2626 ιη
745 2563 834 2646 Xp0.
862 2563 1005 2629 fratello.
1029 2560 1168 2664 Riceuei
1189 2562 1221 2628 la
1241 2561 1361 2628 lettera
1383 2557 1482 2626 diV
1502 2561 1540 2624 P.
1559 2560 1611 2634 R„

401 2649 549 2716 lassata'
540 2671 576 2714 ιη
592 2652 719 2716 Trento
736 2650 801 2715 alla
816 2671 878 2716 sua
898 2649 1032 2735 partita,
1055 2649 1197 2718 insieme
1216 2651 1269 2716 col
1290 2658 1460 2715 contratto
1482 2669 1577 2733 sopra
1593 2607 1613 2710 iI

400 2738 545 2824 collegio
557 2738 591 2803 dr
603 2737 754 2824 Drlrnga
766 2760 893 2805 sicome
904 2740 936 2805 Ie
949 2741 1031 2804 hara
1042 2739 1161 2804 scntto
1174 2739 1250 2804 ilP.
1266 2736 1397 2823 Aluigi
1413 2737 1469 2816 Et,
1483 2738 1613 2804 sebene

401 2826 447 2892 mi
468 2828 611 2895 sarebbe
630 2837 719 2893 stato
738 2825 773 2891 di
799 2827 1025 2913 grandissima
1049 2837 1270 2894 contentezza
1289 2825 1324 2890 di
1344 2825 1501 2891 ritrouar'
1524 2822 1611 2909 quiui

402 2917 445 2981 V.
471 2919 510 2982 P.
535 2926 570 2981 et
590 2915 675 2981 ilP.
699 2917 909 2997 Salmerone,
928 2915 1135 2983 nondimeno
1162 2915 1206 2981 mi
1234 2937 1272 2980 so
1300 2913 1524 2999 compiaciuto
1549 2914 1610 2979 del'

401 3005 634 3072 amoreuoleza
649 3003 869 3085 mostratami,
884 3005 1096 3072 considerato
1112 3005 1213 3070 chel'
1228 3006 1345 3071 hauer’
1359 3002 1539 3069 sollicitato
1549 3022 1613 3067 cosi

347 3149 350 3160 .
401 3093 424 3157 il
439 3093 575 3178 partire,
595 3115 663 3160 non
679 3095 754 3160 sara
770 3105 850 3159 nato
866 3093 894 3159 si
911 3116 978 3159 non
995 3096 1038 3160 da
1054 3097 1189 3179 cagionr
1180 3092 1239 3157 di
1260 3102 1444 3171 momento,
1462 3111 1557 3158 come
1571 3093 1613 3156 ho

401 3183 554 3248 creduto,
574 3183 617 3247 Et
633 3203 670 3248 se
685 3181 719 3247 io
734 3203 802 3246 non
821 3185 864 3247 ho
880 3183 960 3248 dato
975 3182 1083 3268 prima
1098 3186 1162 3248 che
1177 3185 1261 3248 hora
1284 3180 1443 3281 risposta
1444 3181 1510 3245 alla
1524 3181 1612 3245 detta

400 3290 463 3336 sua
477 3272 610 3350 lettera,
626 3269 873 3336 attribuischilo
890 3272 955 3337 alla
971 3270 1124 3338 molestia
1140 3280 1175 3336 et
1192 3269 1325 3336 fastidio
1341 3273 1445 3335 chesi
1436 3267 1614 3354 sogliono

400 3358 500 3444 patir'
517 3359 551 3423 in
568 3358 666 3424 simili
683 3358 813 3446 uiaggi.
834 3361 973 3444 Quanto
989 3361 1044 3426 all’
1059 3359 1286 3425 instrumento
1298 3381 1358 3444 per
1370 3359 1464 3426 detto
1476 3356 1615 3462 collegio

401 3449 490 3514 dalla
510 3464 606 3532 parte
628 3459 760 3529 nostra,
783 3447 911 3514 sicome
932 3450 968 3514 fu
989 3448 1139 3515 stabilito
1160 3458 1195 3514 et
1215 3447 1393 3533 stipulat0,
1416 3448 1487 3512 cosi
1509 3447 1545 3510 fu
1564 3445 1613 3531 poi

401 3537 519 3602 scritto
535 3547 569 3602 et
585 3536 805 3602 autenticam.
826 3539 929 3603 Resta
945 3540 1009 3605 che
1025 3536 1090 3601 il
1064 3559 1181 3623 signor
1196 3537 1263 3604 Dio
1278 3558 1324 3600 ιηι
1315 3535 1490 3602 conceda
1505 3544 1616 3620 potere

400 3626 434 3691 di
450 3635 567 3712 potere
582 3625 740 3711 eseguire
756 3628 919 3710 quantoe
935 3625 958 3690 il
975 3626 1043 3692 mio
1058 3625 1248 3692 desiderio
1240 3648 1275 3690 m
1291 3634 1411 3709 questa
1426 3633 1525 3690 santa
1539 3645 1615 3709 ope·

401 3737 449 3794 ra,
469 3736 566 3782 come
581 3715 614 3781 lo
630 3736 737 3800 prego
758 3713 793 3779 di
814 3735 906 3795 core,
930 3716 1002 3781 solo
1023 3737 1083 3800 per
1103 3715 1165 3781 far'
1183 3733 1367 3781 conoscere
1388 3713 1422 3778 la
1441 3720 1617 3797 prontezza

401 3803 468 3868 mia
489 3825 590 3870 uerso
611 3804 634 3868 il
654 3804 748 3870 culto
768 3802 802 3868 di
823 3803 889 3870 Dio
911 3813 945 3869 et
965 3805 988 3869 l'
1011 3806 1140 3873 honore
1160 3803 1248 3871 della
1271 3824 1333 3869 sua
1354 3812 1451 3867 santa
1473 3802 1615 3886 Compa-

401 3891 492 3978 gnia.
517 3893 591 3958 Con
612 3893 676 3959 che
696 3895 742 3959 mi
763 3893 987 3958 raccomando
1010 3914 1030 3958 a
1050 3891 1106 3973 lei,
1128 3892 1308 3959 salutando
1328 3890 1351 3955 il
1373 3893 1413 3956 P.
1431 3892 1617 3956 Francesco

402 3979 526 4065 Borgia
542 3993 576 4047 et
593 3979 616 4044 il
633 3984 672 4046 P.
698 3981 906 4061 Salmerone,
926 3984 956 4048 a'
982 3982 1073 4066 quali
1089 3983 1121 4046 Ia
1137 3984 1266 4048 maesta
1284 3978 1401 4045 diuina
1421 3979 1571 4047 conceda
1585 3977 1616 4042 in

400 4079 520 4155 queste
536 4081 632 4135 sante
649 4069 734 4136 feste
749 4069 833 4156 ogni
849 4081 940 4136 sorte
956 4069 990 4135 di
1003 4081 1083 4136 cont
1085 4081 1176 4138 ento

467 4159 509 4224 V.
530 4159 569 4224 Ρ.
591 4159 631 4224 R.
650 4159 694 4224 ha
714 4158 759 4224 da
779 4180 898 4244 sapere
920 4158 1013 4227 che
1004 4181 1037 4224 ιο
1057 4181 1127 4225 ηοη
1147 4161 1192 4224 ho
1213 4157 1280 4224 mai
1302 4160 1432 4223 hauuto
1451 4155 1616 4242 pensiero,

400 4267 469 4312 non
485 4249 549 4312 che
564 4245 720 4332 disegm,
739 4246 774 4312 di
789 4251 907 4314 hauer'
924 4268 990 4313 con
1006 4269 1061 4315 me
1081 4247 1105 4312 il
1125 4267 1274 4316 vescouo
1290 4247 1325 4312 d
1341 4243 1445 4312 Aliffe
1460 4267 1521 4332 per
1536 4247 1617 4330 Spa-

400 4356 481 4420 gna,
500 4335 589 4400 onde
606 4335 640 4400 di
657 4357 748 4402 nouo
772 4347 871 4403 torno
893 4359 914 4402 a
935 4337 1093 4422 pregarla
1115 4335 1150 4403 di
1174 4333 1337 4420 quietarsi
1351 4334 1407 4401 del
1428 4335 1469 4402 P
1488 4331 1617 4414 Aluigi,

454 4550 462 4581 ¹
500 4545 577 4601 Vide
590 4546 681 4618 epist.
697 4545 760 4615 320,
774 4564 806 4601 n.
827 4559 869 4616 103
884 4557 914 4603 et
927 4545 989 4616 325,
1004 4565 1036 4603 n.
1054 4547 1084 4603 3.

452 4617 463 4652 ¹
499 4618 543 4672 Ex
556 4619 727 4691 archetypo,
740 4618 770 4673 in
785 4617 861 4674 Cod.
880 4619 926 4690 38,
940 4618 1050 4690 duplici
1063 4617 1132 4690 fol„
1146 4633 1182 4690 94
1193 4619 1267 4692 (42).
