3504 5386
715 439 881 496 Arrnuorx
1352 443 1405 515 537

182 595 294 680 annis5
317 605 353 662 et
372 595 519 674 Treuiri,
544 615 635 662 anno
657 593 808 659 nondum
824 593 951 678 elaps0,
970 594 1045 660 huc
1053 593 1266 680 Moguntiam
1282 594 1405 663 missus

181 684 274 752 sum.
314 685 412 751 16...
446 683 483 752 Si
510 684 576 752 alia
598 680 889 750 mortificationem
917 683 1158 751 concernentia
1185 694 1402 769 quaerantur,

181 772 309 842 sufficit
319 771 501 839 triennium
513 782 715 856 totum,quo
724 767 889 838 Coloniae
899 770 1004 851 fui,in
1015 771 1164 840 medium
1174 774 1305 841 afferre.
1316 775 1403 840 Nam

181 863 229 929 ibi
239 862 329 930 inter
338 862 484 941 labores»,
496 860 668 929 molestias
680 870 909 940 externorum,
923 859 980 926 vix
991 861 1034 928 de
1044 860 1213 929 Societate
1223 861 1404 946 quicquam

182 953 254 1018 sere
273 953 281 984 ¹
301 949 417 1017 audiui
433 949 581 1029 aliunde,
600 971 664 1016 nec
679 947 749 1013 vidi
764 945 824 1025 ibi,
842 945 909 1014 imo
929 969 1008 1014 cum
1024 949 1173 1017 externis
1188 958 1227 1014 ut
1242 951 1407 1017 secularis

181 1039 218 1106 in
233 1039 372 1119 scholis,
391 1037 529 1120 mensis,
547 1036 715 1105 cubiculis
730 1048 764 1104 et
780 1035 888 1115 lectis,
907 1035 1024 1105 viuere
1040 1037 1153 1104 iussus
1168 1059 1257 1120 sum,
1276 1040 1406 1124 regulis

181 1139 218 1198 et
233 1148 313 1194 cum
328 1127 370 1193 iis
387 1126 468 1209 vita,
486 1147 575 1211 quae
595 1127 783 1193 secundum
804 1125 941 1210 regulas
962 1137 1064 1207 esset,
1083 1127 1213 1213 pulpito
1234 1127 1402 1194 inclussis:

182 1219 228 1283 ob
244 1215 496 1284 multitudinem
512 1215 747 1282 conuictorum
763 1212 798 1279 in
813 1213 914 1279 domo
930 1215 1099 1281 conducta
1111 1236 1189 1281 eum
1202 1216 1405 1299 quibusdam

183 1305 305 1391 procul
322 1326 343 1370 a
358 1303 503 1390 collegio
517 1303 672 1371 habitare
687 1303 813 1383 iussus,
830 1323 899 1368 non
915 1304 1020 1370 semel
1040 1314 1171 1369 tantum
1194 1303 1404 1371 ebriosorum

184 1394 398 1477 aliorumque
419 1392 694 1479 persequentium
716 1388 834 1458 stricta
855 1391 922 1458 tela
939 1391 1029 1476 fugi,
1048 1403 1084 1459 et
1104 1393 1208 1460 semel
1229 1413 1307 1459 cum
1328 1405 1406 1460 octo

184 1483 256 1550 fere
272 1505 332 1568 per
347 1481 515 1567 integram
532 1502 691 1568 magnam
706 1480 866 1565 plateam.
891 1480 1032 1564 Semper
1053 1481 1192 1546 meliora
1212 1482 1404 1567 expectaui,

185 1583 221 1640 et
236 1571 325 1636 inter
335 1570 450 1637 omnia
468 1569 532 1636 ista
547 1581 582 1636 et
598 1570 694 1655 plura
715 1567 791 1648 alia,
810 1589 871 1653 per
893 1567 957 1634 Dei
980 1567 1138 1654 gratiam,
1156 1561 1336 1638 Societatis
1352 1571 1406 1636 vel

186 1661 261 1726 sola
285 1657 449 1744 cogitatio
473 1659 564 1743 quod
588 1659 623 1723 in
647 1677 687 1724 ea
710 1678 832 1735 essem,
857 1666 893 1724 et
908 1658 1008 1722 talem
1025 1656 1166 1724 initalia
1182 1657 1335 1739 viderim,
1352 1681 1407 1726 me

187 1748 362 1814 consolata
383 1759 450 1814 est.
482 1749 575 1816 inter
595 1745 748 1814 infideles
767 1745 845 1830 plus
869 1745 1078 1812 collectionis
1102 1747 1188 1815 sorte
1213 1747 1406 1814 habuissem

187 1857 292 1922 quarn
304 1835 363 1916 ibi,
379 1855 456 1902 curn
469 1835 583 1902 omnia
594 1836 695 1922 plena
707 1832 845 1913 fuerint,
860 1843 894 1900 et
906 1833 939 1899 in
957 1855 1025 1900 vno
1036 1857 1141 1920 paruo
1154 1835 1311 1903 cubiculo
1327 1857 1405 1902 curn

187 1938 268 1992 octo
285 1926 338 1991 vel
353 1947 477 1992 nouem
495 1923 644 1992 externis
662 1922 793 2002 fuerim,
809 1932 847 1990 et
863 1931 941 1988 curn
958 1944 1025 1988 vno
1046 1934 1186 1990 externo
1202 1935 1236 1990 et
1252 1926 1406 2008 quando-

185 2035 253 2099 que
269 2014 404 2080 duobus
421 2013 456 2078 in
471 2015 591 2080 eodem
604 2015 704 2079 lecto.
720 2009 800 2091 Alii,
815 2010 873 2096 qui
886 2011 931 2075 ibi
945 2012 1094 2091 fuerunt,
1109 2011 1209 2080 etiam
1222 2024 1304 2078 sunt
1316 2013 1405 2099 passi

186 2102 313 2188 aliqua,
330 2103 391 2170 sed
414 2102 550 2187 quidam
571 2104 615 2169 ob
636 2099 812 2187 grauiores
832 2099 1006 2179 lectioneS,
1030 2099 1086 2165 alii
1101 2103 1145 2166 ob
1161 2102 1404 2168 sacerdotalem

186 2192 426 2270 reuerentiam,
445 2190 499 2275 alij
517 2189 596 2276 quia
611 2190 646 2255 in
662 2209 765 2255 cursu
781 2187 1013 2274 philosophico
1025 2199 1133 2268 erant,
1148 2201 1183 2256 et
1194 2189 1347 2256 nonnulli
1360 2192 1406 2256 ob

186 2280 269 2346 alias
285 2300 406 2346 causas
422 2281 495 2346 Deo
511 2290 545 2345 et
560 2277 791 2364 superioribus
807 2286 917 2357 notas,
935 2277 1059 2360 minus;
1078 2277 1159 2343 mihi
1173 2299 1265 2358 ver0,
1280 2291 1315 2346 et
1326 2279 1407 2362 quia

186 2368 315 2453 aliquid
330 2367 373 2434 de
388 2367 507 2452 lingua
528 2366 721 2454 germanica
741 2364 902 2444 sciebam,
925 2376 960 2432 et
981 2366 1096 2434 faciles
1117 2366 1279 2435 lectiones
1299 2369 1406 2433 habe-

185 2479 271 2539 rem,
289 2479 422 2542 semper
446 2460 529 2522 haec
545 2466 580 2524 et
595 2454 717 2521 similia
728 2453 1003 2540 imponebantur.
1028 2455 1186 2540 Quatuor
1208 2476 1315 2521 annos
1338 2455 1406 2521 iam

185 2547 352 2613 doceo...
377 2563 434 2611 22.
459 2543 603 2612 Mirabili
619 2545 719 2610 modo
739 2552 774 2609 et
789 2541 1018 2628 singulariter,
1036 2553 1124 2611 teste
1143 2546 1190 2610 D.
1214 2545 1404 2624 Leonard0,

148 2667 152 2672 ·
186 2637 229 2701 ad
245 2634 451 2703 Societatem
474 2643 615 2699 vocatus
638 2654 726 2699 sum:
749 2652 977 2716 necunquam
994 2631 1076 2696 mihi
1092 2631 1156 2698 fuir
1172 2654 1232 2718 per
1246 2631 1311 2698 Dei
1326 2653 1406 2719 gra-

186 2723 267 2791 tiam
283 2722 438 2804 dubium,
456 2721 538 2806 quin
554 2725 637 2788 haec
654 2720 807 2789 Societas
822 2718 865 2785 sit
886 2740 961 2786 mea
984 2719 1128 2801 vocatio;
1143 2720 1224 2787 etin
1236 2742 1277 2786 ea
1289 2739 1403 2806 perse—

186 2833 318 2890 uerare,
336 2814 412 2878 Deo
438 2811 633 2888 adiuuante,
652 2821 789 2895 paratus
812 2829 902 2874 sum.
934 2826 991 2891 23.
1021 2811 1100 2876 Non
1124 2830 1211 2886 rar0,
1236 2808 1306 2875 imo
1334 2811 1407 2877 fere

161 2948 165 2959 ·
185 2921 321 2988 semper
336 2903 512 2978 hactenus,
533 2898 637 2965 habui
660 2899 695 2965 in
715 2897 886 2965 Societate
902 2896 1074 2976 exercitia,
1092 2900 1166 2964 Deo
1178 2896 1212 2963 id
1228 2897 1275 2964 ita
1290 2897 1406 2983 dispo·

185 3001 302 3070 nente,
320 2989 465 3054 naturali
483 2986 692 3053 inclinationi
711 2984 948 3072 repugnantia,
971 2995 1006 3053 et
1025 2986 1139 3052 iussus
1160 2985 1236 3065 feci,
1254 2997 1288 3053 et
1304 3006 1404 3052 num—

186 3099 288 3164 quam
312 3077 384 3144 scio
407 3099 462 3144 me
483 3077 518 3141 in
542 3076 694 3142 fraudem
716 3073 900 3159 quidquam
923 3072 958 3138 in
983 3073 1031 3142 eis
1059 3074 1196 3152 secisse,
1226 3095 1302 3154 nec,
1331 3077 1407 3143 Deo

184 3168 339 3246 iuuante,
356 3188 505 3250 vnquam
522 3165 655 3246 faciam,
669 3173 703 3231 et
715 3162 865 3229 hilariter
876 3172 911 3228 et
923 3161 1154 3232 indifferenter
1165 3163 1266 3229 obibo
1278 3163 1404 3230 omnia.

187 3273 245 3339 24.
270 3259 365 3322 Bona
380 3253 542 3341 principia
558 3253 697 3338 linguae
713 3271 856 3338 graecae
877 3250 1005 3316 tamdiu
1026 3253 1147 3330 habeo,
1167 3264 1202 3318 et
1222 3272 1407 3336 numquam

186 3345 272 3432 (laus
288 3345 373 3426 Deo)
390 3351 585 3428 assumptus
602 3341 651 3408 sui
667 3341 710 3407 ad
725 3340 916 3407 docendum
932 3340 987 3405 vel
1008 3339 1082 3407 eius
1103 3340 1209 3426 prima
1225 3341 1405 3421 elementa,

185 3433 266 3500 lioet
282 3433 325 3499 ad
341 3431 376 3497 id
392 3431 471 3497 alibi
487 3430 651 3518 assumpti
668 3430 747 3508 sint,
764 3449 910 3513 quorum
927 3427 1031 3512 aliqui
1046 3429 1129 3495 nihil
1148 3430 1217 3496 fere
1232 3425 1273 3494 in'
1284 3451 1324 3498 ea
1339 3429 1407 3495 sci-

186 3521 312 3603 uerint,
335 3522 512 3587 aliusnon
533 3518 671 3586 sciuerit
697 3519 785 3585 bene
809 3518 940 3603 legere3
967 3515 1068 3600 idque
1093 3518 1218 3584 factum
1235 3519 1277 3584 ad
1293 3537 1407 3584 meum

186 3610 362 3690 maiorem,
380 3619 476 3694 put0‚
494 3607 700 3694 spiritualem
718 3608 882 3672 fructum.
908 3607 983 3694 Jarn
1008 3617 1080 3671 tum
1104 3628 1239 3694 graeca,
1257 3606 1407 3690 philoso-

186 3699 288 3786 phica
303 3711 338 3765 et
352 3698 478 3778 omnia,
500 3699 543 3763 ad
565 3718 652 3782 quae
676 3706 755 3761 ante
777 3694 880 3760 habui
901 3694 1165 3774 inclinationem,
1185 3694 1356 3760 fastidium
1372 3707 1408 3760 et

186 3809 348 3855 nauseam
378 3796 545 3873 generant
571 3806 632 3871 pro
658 3783 852 3852 vehementi
879 3781 1096 3850 inclinatione
1123 3783 1263 3850 iuuandi
1292 3782 1407 3868 proxi-

187 3897 296 3944 mum.
323 3873 658 3963 [1,145,bis145‚ter]
745 3893 747 3898 ·

258 3985 289 4032 1.
324 3965 502 4030 Andreas
528 3985 665 4042 nomen,
684 3962 820 4027 Istuanr'
835 3961 846 3993 ¹
864 3981 1069 4046 cognomen,
1091 3959 1126 4026 id
1147 3968 1198 4026 est
1220 3959 1398 4044 Stephani.

187 4073 223 4122 2.
247 4055 426 4122 Annorum
444 4071 501 4118 22.
525 4072 560 4136 3.
584 4051 686 4120 Natio
701 4049 879 4136 Hungaria
894 4069 937 4116 ex
953 4051 1105 4117 Babuza'.
1121 4100 1150 4113 ..
1175 4065 1210 4131 7.
1234 4047 1408 4118 Seruierat

187 4143 357 4230 aliquibus
378 4141 545 4229 episcopis
564 4141 599 4207 in
627 4139 723 4207 Italia
747 4149 930 4222 antequam
957 4138 1164 4224 reciperetur
1192 4137 1227 4203 in
1254 4137 1407 4205 Societa-

187 4305 398 4316 -ι--ι-

243 4401 250 4430 ¹
289 4393 424 4452 Obscure
438 4400 602 4448 exaratum.

239 4465 251 4498 ¹
286 4465 354 4520 Non
367 4467 444 4520 clare
457 4471 578 4536 apparet
599 4480 635 4518 an
657 4462 788 4532 Istuani,
807 4461 854 4515 vel
872 4459 1017 4524 Istuanis,
1042 4460 1089 4513 vel
1103 4457 1249 4522 Istuaniz,
1267 4454 1407 4526 scripturn

188 4537 289 4593 fuerit.
308 4538 342 4591 In
356 4536 487 4606 margine
513 4535 600 4606 hujus
622 4534 776 4604 examinis,
790 4531 903 4586 Natalis
917 4547 1004 4585 manu
1026 4531 1099 4584 haec
1120 4528 1228 4600 scripta
1245 4527 1402 4582 habentur.

188 4609 272 4666 Haec
280 4609 402 4680 scripsit
419 4609 452 4664 P.
467 4608 567 4662 Adam
577 4610 637 4678 pro
649 4605 727 4676 ipso.
