3604 5380
767 444 837 515 1562
1379 450 1414 514 97

178 595 407 676 aduersarios
427 616 514 682 quos
535 598 663 666 habent
690 597 726 664 in
753 596 975 666 uniuersitate
990 609 1025 664 et
1053 597 1127 665 aliis
1154 597 1322 684 collegijs,
1342 607 1415 662 tum

180 713 276 796 quod
291 722 431 778 senatus
452 735 522 779 non
549 713 646 780 nouit
672 713 892 797 Societatem,
921 714 977 782 vel
1000 713 1047 779 illi
1063 715 1168 795 {auen
1187 724 1222 780 et
1239 723 1352 782 tamen
1368 711 1417 778 ita

186 821 387 914 praescrimi
404 839 442 893 vt
458 831 557 915 plane
573 829 746 898 didracma
762 853 806 898 ne
821 829 1016 916 acciperent
1028 829 1146 896 nostri.

252 942 410 1026 Visitaui,
425 957 508 1026 etc,
522 957 558 1014 et
569 945 812 1014 instructiones
823 945 914 1014 dedi.
937 945 943 1034 Ι
963 943 1117 1012 Intellexi
1129 947 1174 1012 D.
1190 943 1415 1026 loncheriam‚

180 1057 260 1142 qui,
293 1059 458 1127 secularis
490 1060 639 1146 quidem,
673 1060 762 1128 inter
792 1072 928 1128 nostros
960 1070 1075 1129 tamen
1101 1060 1243 1126 habitat:
1277 1061 1320 1126 ab
1352 1061 1418 1125 hoc

185 1196 343 1261 magnam
354 1177 610 1262 eleemosynam
626 1187 661 1243 et
677 1187 879 1264 acceperant
899 1188 1011 1256 antea,
1035 1189 1070 1242 et
1089 1177 1248 1263 sperabat
1261 1177 1308 1242 M.
1328 1176 1418 1242 Leo-

184 1291 320 1356 nardus.
341 1291 508 1358 Concessi
519 1302 557 1356 vt
573 1304 664 1360 esset
675 1291 779 1374 domi,
795 1315 901 1379 quum
913 1291 1063 1361 viderem
1076 1290 1257 1360 excellenti
1269 1293 1416 1376 quadam

178 1427 257 1472 esse
272 1427 350 1474 eum
367 1405 496 1492 pietate
509 1417 544 1476 et
560 1407 738 1491 modestia,
756 1419 791 1475 et
813 1408 986 1488 fratribus,
1005 1419 1040 1475 et
1063 1409 1106 1473 ad
1131 1405 1413 1489 aedificationem,

184 1519 312 1588 vtilem.

246 1636 324 1716 Hic,
343 1637 485 1704 dimisso
501 1638 716 1724 prouinciali,
733 1649 772 1705 vt
788 1639 870 1706 mihi
885 1652 1022 1726 praesto
1034 1650 1125 1708 esset
1137 1637 1283 1722 Treuiri,
1299 1661 1366 1726 ego
1379 1651 1414 1706 et

179 1751 343 1820 Ximenes
379 1751 538 1822 venimus
570 1755 613 1820 ad
648 1757 793 1822 Fontem
828 1762 1018 1842 spaensem.
1054 1753 1224 1821 Duximus
1252 1755 1410 1820 Iacobum

182 1868 313 1948 Muntz,
332 1887 436 1953 quem
452 1880 574 1956 postea
590 1869 666 1937 misi
679 1872 821 1938 Romam
841 1874 864 1936 ¹.

225 2026 363 2096 ἳθθν
589 2053 636 2098 no
654 2051 801 2100 rom-an
819 2036 1006 2100 sonansan

244 2197 311 2263 mc
322 2179 434 2282 tepea
452 2200 491 2263 Ρ.
507 2199 741 2284 cnysonrum,
760 2199 814 2266 eui
828 2221 916 2286 aqua
928 2200 986 2267 rna
997 2199 1082 2266 nnn
1097 2199 1236 2286 profuit.
1253 2200 1330 2266 orn
1343 2222 1410 2286 ego

174 2313 221 2378 ad
238 2331 277 2378 10
291 2312 378 2392 dies
403 2315 500 2379 tarde
520 2313 612 2383 enirn
640 2337 811 2395 veneram,
841 2327 876 2382 et
903 2330 1110 2384 consecutae
1138 2326 1357 2402 tempestates
1373 2327 1409 2382 et

176 2425 313 2512 pluuiae
325 2429 479 2495 fecerant
500 2440 538 2494 vt
554 2451 625 2496 non
646 2441 738 2498 esset
758 2452 847 2516 aqua
875 2431 1044 2516 potabilis;
1070 2432 1131 2500 sed
1154 2451 1197 2498 ex
1212 2431 1279 2498 illis
1291 2430 1410 2518 paucis

175 2541 398 2610 bibitionibus
415 2547 566 2612 fructum
582 2568 661 2614 eum
678 2547 782 2630 sensi,
801 2547 871 2634 qui,
886 2547 1019 2614 etiamsi
1032 2547 1180 2634 exiguus
1192 2561 1294 2628 esset,
1309 2549 1409 2633 polli-

170 2661 316 2726 cebatur
332 2659 495 2728 maiorem
511 2661 540 2726 si
556 2662 719 2747 prolixius
740 2675 904 2750 potarem;
921 2663 1043 2750 'itaque
1062 2673 1182 2750 postea
1202 2685 1335 2749 semper
1352 2686 1408 2732 re-

174 2773 260 2840 tinui
277 2775 485 2845 desiderium
506 2778 684 2861 redeundi,
708 2778 736 2844 si
757 2778 886 2847 liceret.
911 2780 1002 2846 207
1024 2782 1077 2848 De
1092 2780 1308 2864 eleemosyna
1333 2801 1406 2845 ma-

174 2903 295 2959 tronae
310 2893 446 2978 anglae.
467 2893 558 2960 Hinc
574 2893 732 2962 venimus
749 2896 929 2981 Treujrim.
953 2896 958 2984 Ι

718 3095 867 3143 TREUlRl

238 3243 306 3310 Hic
322 3243 474 3310 intellexi
494 3245 536 3312 de
559 3243 751 3310 delectione
779 3245 891 3325 lonae,
921 3255 957 3313 et
983 3247 1076 3331 quod
1101 3245 1195 3311 illum
1221 3245 1404 3332 recepisset

164 3361 298 3428 elector
313 3370 350 3427 et
361 3371 514 3426 vterctur
531 3359 772 3425 concionatore
788 3362 813 3442 ³,
832 3371 867 3426 et
883 3363 894 3393 ³

226 3605 232 3636 ¹
271 3603 335 3656 Fol.
350 3601 404 3656 206
417 3619 440 3655 r.
454 3599 495 3656 nil
509 3599 652 3672 scripturn
663 3601 762 3654 habet.

221 3693 233 3726 ¹
271 3691 348 3746 Vide
362 3707 462 3763 supra,
475 3707 545 3762 pag.
563 3686 610 3760 35,
622 3699 722 3744 annot.
741 3703 768 3760 5.

222 3783 233 3814 ³
271 3781 328 3851 Ita,
348 3779 499 3852 inexpleta
511 3779 670 3846 sententia,
684 3778 806 3852 explicit
824 3783 1038 3853 autographum
1057 3783 1294 3854 Ephemeridum
1306 3782 1403 3837 Nata-

164 3873 215 3926 lis.
229 3870 374 3943 Sequitur
398 3868 451 3925 fol.
470 3885 586 3941 purum,
599 3868 678 3940 quod
700 3886 717 3922 a
735 3877 819 3940 tergo
838 3871 938 3938 habet,
952 3870 1009 3924 alia
1024 3888 1110 3925 manu
1129 3871 1248 3943 scripta,
1263 3888 1309 3939 ea,
1325 3887 1401 3944 quae

161 3961 295 4016 diximus
306 3958 338 4014 in
351 3951 551 4031 desc'riptione
564 3957 685 4025 codicis,
700 3959 762 4012 vol.
780 3959 804 4026 l,
815 3975 885 4030 pag.
903 3971 1003 4016 xxvu.
