3504 5386
414 455 468 524 506
839 455 943 510 Emer.
963 453 997 510 Ρ.
1017 453 1219 526 ΝΛΜ-345

415 607 564 674 simismo
579 605 631 674 lou
646 605 791 674 sibados
806 607 856 672 las
871 607 1021 675 ledantas
1036 629 1059 692 y
1075 607 1221 694 algunos
1235 617 1380 677 motetes
1395 603 1601 683 eclesitsticus,

412 744 480 790 eon
495 721 619 790 mucha
634 721 751 808 grapia
765 743 788 808 y
803 720 980 789 suauidad.
1003 722 1132 790 Entran
1154 725 1296 790 muchos
1315 746 1358 791 en
1379 724 1413 789 la
1434 723 1601 808 Campania,

414 835 582 925 ytidnes
593 837 653 906 nur
665 858 745 906 cata
755 837 798 905 de
810 835 1004 924 probapidn:
1018 838 1203 906 detuueme
1214 861 1258 907 en
1269 847 1343 905 este
1354 837 1495 925 collegio
1506 834 1603 920 quinze

411 959 434 1020 ό
449 952 562 1020 veinte
577 951 663 1020 dias:
681 951 838 1022 vinium
851 951 910 1020 dtr
923 952 959 1020 ei
977 953 1017 1020 P.
1041 955 1143 1024 Myro·
1159 951 1314 1034 Canisio,
1338 951 1534 1039 prouinpial,
1548 948 1602 1033 yei
1704 1027 1705 1030 Ἴ

414 1069 525 1137 Padre
540 1065 662 1135 doctor
678 1068 787 1134 Paulo
805 1069 828 1149 ¹,
851 1076 967 1136 rector
980 1067 1038 1138 dei
1055 1066 1200 1156 eringio
1216 1067 1259 1137 de
1275 1069 1459 1155 Inglestat:
1480 1065 1545 1133 hize
1563 1075 1602 1130 to·
1704 1047 1705 1074 ¹

411 1181 476 1251 dos
490 1184 542 1250 los
557 1173 762 1250 ministerios
783 1202 850 1267 que
869 1183 1087 1249 acostumbro
1106 1204 1174 1250 con
1188 1204 1276 1272 gnn
1296 1182 1509 1250 consolacidn
1523 1185 1604 1264 miay

415 1298 525 1364 fructu
541 1298 585 1368 de
601 1298 711 1378 todos,
730 1318 828 1364 como
845 1318 964 1382 espero
980 1317 1024 1363 en
1039 1298 1072 1364 el
1088 1298 1208 1367 Senor.

485 1415 534 1480 16.
582 1413 636 1479 De
648 1412 829 1480 Monachio
845 1417 931 1498 parti
948 1419 968 1478 d
983 1413 1147 1499 Inspruch
1164 1435 1225 1499 por
1239 1435 1375 1499 esperar
1391 1415 1461 1496 altr,
1478 1409 1606 1502 qneesel
1705 1491 1706 1500 ἵ

413 1549 524 1616 passu,
543 1527 617 1596 diez
633 1551 656 1613 y
672 1532 759 1595 ocho
774 1533 795 1594 ό
811 1527 924 1596 veinte
947 1527 1075 1596 Padres
1094 1550 1118 1613 y
1137 1532 1317 1597 hermanos
1336 1550 1405 1614 que
1419 1530 1463 1596 de
1478 1532 1569 1597 Romu
1580 1545 1608 1592 m
1705 1513 1706 1518 ἵ

413 1643 594 1711 imbiabam
611 1667 654 1713 en
670 1643 860 1724 Alemania,
875 1653 972 1729 parte
986 1665 1069 1730 para
1090 1643 1246 1725 Austria,
1264 1667 1287 1730 y
1307 1655 1402 1730 parte
1418 1667 1497 1731 para
1510 1641 1607 1710 fundar

411 1759 445 1826 el
460 1759 605 1847 collegio
620 1761 665 1826 de
679 1757 855 1845 Dilingue,
873 1782 896 1844 y
910 1769 1006 1844 parte
1021 1781 1102 1844 para
1117 1758 1275 1826 Flandes.
1295 1760 1465 1848 Llegaron
1481 1755 1606 1826 mediado

412 1873 548 1943 Otubre
563 1895 605 1941 en
622 1877 684 1941 dos
700 1895 812 1942 vezes.
831 1875 923 1941 Auia
942 1884 1040 1943 entre
1060 1875 1143 1941 ellos
1164 1873 1248 1944 siete
1269 1876 1426 1943 doctores
1448 1876 1516 1944 'en
1530 1874 1606 1938 thee

411 1990 505 2078 logia
518 2013 542 2076 y
557 2000 650 2057 otros
665 1999 829 2056 maestros
844 2011 888 2055 en
903 1999 1005 2057 artes:
1023 1991 1197 2057 emblanse
1217 1996 1237 2056 i
1258 1991 1438 2070 Bohemia,
1456 1985 1606 2068 Austriay

411 2107 543 2193 Vngria
562 2117 683 2190 quatro
703 2106 859 2170 doctores
878 2126 901 2189 y
927 2125 994 2171 vno
1022 2106 1109 2172 dere
1137 2128 1181 2174 en
1207 2107 1365 2192 Inspruc,
1388 2108 1439 2174 los
1460 2117 1542 2173 otros
1559 2101 1606 2165 dos

411 2222 500 2290 lleue
515 2242 560 2307 yo
575 2218 772 2306 conmigu0‚
792 2221 953 2286 tornando
973 2220 1016 2290 de
1036 2221 1087 2287 los
1107 2222 1225 2288 demis
1240 2221 1291 2287 ios
1311 2243 1380 2306 que
1401 2244 1482 2289 eran
1496 2207 1605 2286 meires-

412 2347 465 2406 ter
479 2359 560 2422 para
575 2337 608 2402 la
625 2333 802 2402 fundatidn
822 2357 845 2420 y
866 2334 1029 2421 principio
1049 2336 1104 2403 del
1125 2337 1258 2424 colegio
1274 2337 1317 2404 de
1337 2335 1513 2424 Dilingue,
1533 2341 1606 2398 utros
1707 2399 1708 2434 ἢ

412 2475 450 2521 se
466 2451 639 2521 embiaron
652 2457 672 2516 d
684 2451 841 2531 FlandeS,
859 2455 966 2536 yansi
980 2453 1028 2517 tui
1041 2457 1061 2517 ἐ
1072 2453 1133 2518 dar
1148 2451 1314 2538 principio
1326 2474 1369 2520 en
1381 2453 1414 2518 el
1425 2452 1554 2520 nombre
1563 2441 1605 2510 del
1707 2449 1708 2452 ’

410 2570 522 2638 senor
538 2573 557 2633 t
574 2567 673 2652 aquel
688 2566 821 2653 colegio
837 2588 902 2633 con
917 2569 979 2634 dos
994 2567 1151 2635 doctores
1167 2590 1209 2637 en
1226 2572 1399 2657 theologia
1414 2569 1508 2655 ydos
1518 2579 1605 2628 maer

412 2694 482 2750 tros
497 2705 540 2750 en
558 2694 659 2762 arteS,
678 2704 724 2747 vn
739 2681 943 2770 rhethdricO,
962 2704 1006 2748 vn
1024 2683 1130 2750 lector
1145 2683 1188 2751 de
1204 2682 1365 2754 latinidad
1381 2707 1403 2770 y
1419 2684 1480 2750 dos
1491 2682 1529 2747 de
1542 2693 1605 2761 gra·

411 2797 547 2866 matica.
566 2800 599 2865 A
615 2806 688 2866 este
704 2797 837 2884 colegio
853 2798 896 2864 de
916 2797 1079 2884 Dilingue
1099 2798 1155 2865 did
1176 2799 1344 2886 principio
1363 2801 1415 2866 los
1435 2808 1513 2865 aiios
1527 2808 1605 2878 pasa·

410 2914 474 2980 dos
494 2915 525 2983 el
547 2912 705 2980 cardenal
726 2913 770 2980 de
789 2913 962 2999 Augusta,
985 2912 1118 2981 leiendo
1134 2935 1178 2982 en
1198 2915 1230 2980 61
1246 2916 1278 2982 el
1295 2917 1334 2980 P.
1357 2914 1436 2981 Frai
1458 2911 1556 2981 Pedro
1571 2901 1605 2965 de

410 3030 496 3098 Sotn
512 3030 523 3062 ³
546 3051 569 3114 y
584 3028 617 3093 el
640 3031 678 3094 P.
702 3027 821 3093 doctor
837 3028 949 3094 Olaue
964 3033 984 3093 a
1000 3029 1051 3094 los
1065 3027 1259 3114 principios,
1282 3051 1305 3116 y
1323 3031 1470 3115 despuis
1486 3026 1605 3103 siempre

411 3166 432 3210 a
448 3141 563 3210 tenido
580 3141 651 3208 mui
666 3143 797 3208 buenos
812 3142 956 3210 lectores
972 3142 1014 3209 de
1031 3143 1194 3210 Louaina:
1213 3166 1250 3214 es
1265 3129 1482 3211 vniuersidad
1495 3142 1534 3206 de
1547 3143 1604 3200 stu-

411 3257 469 3324 dio
489 3258 629 3344 general
648 3279 716 3324 con
736 3256 941 3343 preuilegios
962 3259 1004 3324 de
1028 3258 1060 3324 la
1080 3260 1162 3326 sede
1182 3258 1381 3344 apostdlica,
1405 3280 1429 3344 y
1449 3261 1490 3326 de
1503 3256 1533 3319 la
1546 3242 1605 3312 teliz

412 3372 574 3442 memoria
589 3372 645 3440 del
660 3372 858 3458 emperador
873 3375 917 3438 D.
937 3373 1067 3439 Carlos,
1088 3375 1128 3439 El
1147 3373 1305 3441 cardenal
1324 3376 1368 3439 ha
1388 3374 1526 3460 algunos
1539 3370 1605 3429 ³5⁰⁵

410 3493 504 3557 tenta
520 3486 692 3574 propdsito
709 3487 752 3554 de
766 3487 828 3552 dar
842 3497 915 3556 esta
930 3487 1159 3568 vniuersidad‚
1177 3510 1200 3573 y
1213 3489 1335 3556 fundar
1350 3511 1395 3557 en
1411 3489 1475 3557 ella
1486 3493 1549 3555 este
1558 3493 1604 3542 co·

412 3602 502 3690 legio
523 3609 543 3669 a
563 3604 596 3669 la
616 3603 805 3688 Compaflta
826 3602 850 3682 ⁴,
869 3625 891 3688 y
911 3602 942 3671 el
963 3611 1030 3668 atto
1048 3603 1193 3689 passado
1212 3604 1245 3669 lo
1266 3605 1413 3672 effectui
1432 3625 1455 3689 y
1474 3585 1604 3670 conclui6

409 3739 475 3786 con
493 3727 632 3785 nuestro
648 3718 759 3806 Padre
775 3717 914 3803 general
929 3737 972 3783 en
992 3717 1181 3798 Alemania,
1199 3717 1380 3786 auiendolo
1395 3718 1532 3807 primero
1549 3717 1603 3771 tra·

466 3951 475 3984 ¹
512 3949 546 4002 P.
561 3946 669 4002 Paulus
682 3947 833 4004 Hoffaeus.

463 4041 474 4073 ¹
512 4038 546 4092 In
558 4037 613 4092 hoc
627 4038 718 4092 verbo
739 4035 843 4109 incipit
858 4035 979 4092 ulterius
1001 4035 1111 4092 librarii
1128 4037 1282 4109 scriptura,
1299 4039 1351 4110 qui
1372 4036 1408 4094 ad
1430 4038 1512 4094 finem
1531 4031 1605 4093 usque

410 4126 553 4198 epistolae
566 4127 621 4182 hoc
637 4132 851 4198 transumptum
864 4125 1007 4182 exaravit.
1020 4124 1186 4182 Notandum
1199 4134 1298 4183 autem
1311 4134 1357 4183 est
1369 4128 1466 4183 omnia
1477 4125 1558 4181 terne
1568 4119 1605 4206 11

409 4216 515 4270 cabula
527 4215 625 4270 littera
637 4234 659 4268 n
675 4213 841 4270 desinentia
858 4216 896 4269 ab
913 4214 968 4269 hoc
987 4213 1073 4270 tertio
1090 4215 1209 4270 librario
1226 4215 1495 4289 perperem‘scribi3
1512 4200 1605 4296 scripsit

410 4303 489 4360 enim
510 4321 596 4360 eram
618 4319 670 4376 pro
691 4321 777 4370 eran,
795 4302 978 4375 sandalium
1000 4320 1052 4376 pro
1068 4303 1252 4376 sandalium,
1273 4305 1438 4361 embiarom
1459 4320 1507 4377 pro
1525 4299 1605 4353 ΜΝ·

411 4409 479 4457 ron,
493 4399 550 4448 ete.
564 4409 639 4466 quae
652 4391 771 4467 quidem
784 4390 939 4448 emendata
951 4391 981 4448 in
994 4400 1079 4448 textu
1091 4392 1232 4466 reperies.

464 4482 476 4516 ¹
512 4481 588 4536 Vide
601 4481 688 4554 epist.
700 4493 763 4554 277,
777 4498 806 4538 n.
821 4493 848 4550 53
863 4487 894 4536 et
909 4479 1004 4554 Epist.
1019 4481 1136 4548 Natat„
1150 4483 1175 4554 1,
1188 4481 1317 4554 287489,
1330 4489 1388 4539 etc.

464 4573 476 4622 .⁴
512 4569 598 4638 Vide,
612 4571 642 4626 in
664 4568 789 4643 append.
804 4571 857 4642 VI,
871 4570 1026 4642 epistolam
1039 4568 1194 4628 cardinalis
1206 4571 1362 4644 augustani
1379 4571 1418 4628 ad
1434 4572 1467 4626 Β.
1478 4552 1603 4625 Cuniflium

409 4657 519 4714 dutum.
