3544 5390
724 471 893 526 Aroauurx
1366 491 1419 550 555

185 625 321 691 cerdos.
353 639 403 706 15.
434 623 499 689 Fui
523 623 558 688 in
581 621 727 708 collegio
750 641 890 689 romano
914 645 973 708 per
995 635 1063 693 tres
1081 627 1151 695 sere
1171 649 1289 696 annos
1314 628 1418 722 [Scin]

193 730 223 779 1.
247 711 334 778 Dedi
355 732 492 796 operam
513 711 631 794 literis,
654 720 732 778 ante
748 709 941 795 ingressum
963 714 1143 783 Societatis
1170 735 1208 800 13
1232 739 1352 801 annos
1379 732 1418 789 ut

190 811 288 886 puto,
307 800 340 866 in
359 798 530 868 Societate
541 800 732 885 quinque...
747 799 780 864 6.
800 798 866 864 Hic
882 821 957 866 sum
974 816 1160 887 promotus,
1175 805 1282 890 primo
1295 807 1329 874 in
1342 829 1416 876 ma·

189 889 339 974 gistrum
356 889 490 970 artium,
506 889 629 957 deinde
641 889 676 954 in
687 889 944 956 baccalaureum
958 890 1131 973 biblicum,
1146 915 1185 959 ac
1198 907 1369 980 postremo
1381 897 1416 964 in

189 979 452 1044 baccalaureum
475 977 733 1059 sententiarum,
759 987 797 1042 ut
819 989 955 1043 vocant.
982 979 1121 1069 [Magn]
1138 999 1165 1048 1.
1193 984 1288 1070 Lego
1311 983 1416 1052 libros

187 1066 383 1132 ethicorum
401 1066 482 1132 artis
498 1088 633 1152 graece,
647 1086 832 1148 versorque
848 1065 883 1130 in
900 1069 1109 1153 professione
1120 1092 1264 1155 graecae
1277 1071 1416 1160 linguae

189 1175 211 1240 3
225 1177 374 1221 annos..
390 1193 435 1204 —
450 1155 619 1221 Henricus
631 1157 818 1234 ArboreuS,
833 1176 923 1220 anno
939 1155 1097 1246 1562.[ll,
1113 1160 1190 1241 600,
1205 1161 1282 1240 612,
1298 1161 1374 1252 613]
1390 1167 1412 1229 ¹.

263 1261 291 1309 1.
340 1244 516 1309 Henricus
528 1244 727 1329 Dionysius.
744 1261 776 1308 2.
791 1244 912 1309 Annos
929 1243 1062 1311 circiter
1077 1265 1131 1330 44.
1152 1269 1183 1332 3.
1199 1249 1413 1336 Geldrensis,

186 1353 393 1416 neomagus,
412 1331 577 1399 dioecesis
593 1331 836 1398 coloniensis...
856 1347 888 1413 7.
907 1333 1006 1399 Eram
1027 1336 1251 1403 canonicus...
1281 1357 1331 1405 12.
1350 1341 1415 1406 Fui
1518 1361 1520 1366 ·

186 1431 350 1506 receptus
366 1443 456 1486 anno
477 1437 560 1504 1554
577 1421 741 1487 Coloniae
756 1421 768 1451 ¹
788 1441 845 1504 per
861 1422 984 1488 Rdum.
1005 1425 1045 1490 P.
1060 1425 1288 1506 Leonardum,
1303 1429 1415 1495 abillo

183 1509 415 1587 examinatus,
439 1520 473 1574 et
492 1511 660 1577 Romae...
690 1528 741 1590 14.
765 1509 848 1576 Sum
870 1512 1039 1576 sacerdos.
1075 1528 1124 1595 15.
1156 1515 1193 1580 ln
1214 1517 1411 1585 coloniensi.
1508 1565 1514 1580 .

188 1597 296 1688 [Scin]
317 1617 374 1664 1...
393 1597 482 1664 Dedi
493 1620 631 1683 operam
644 1595 886 1683 philosophiae,
902 1598 1047 1682 politiori
1059 1601 1253 1668 literaturae
1268 1616 1303 1671 et
1316 1609 1410 1674 theo·

185 1685 303 1771 logiae
321 1688 363 1751 ab
379 1685 517 1752 ineunte
534 1697 656 1766 aetate,
674 1697 709 1752 et
723 1686 792 1750 fere
809 1687 848 1750 16
860 1697 919 1751 aut
932 1688 1085 1771 pluribus
1097 1695 1194 1756 annis
1206 1694 1325 1758 vacavi
1337 1717 1414 1761 rnu-

185 1775 263 1842 neri
281 1775 537 1841 contionandi...
558 1776 590 1841 6.
610 1776 694 1842 Sum
710 1773 865 1853 Colonie‚
888 1774 967 1842 licet
988 1775 1166 1863 indignus,
1190 1793 1364 1864 promotus
1380 1784 1415 1848 in

185 1865 408 1931 doctorem...
428 1863 599 1931 Henricus
614 1863 810 1947 DionysiuS,
829 1862 957 1929 inutilis
973 1866 1267 1956 Societatithesu
1279 1892 1411 1938 seruus.

202 1954 244 2032 u,
265 1953 343 2035 587,
364 1953 426 2034 588

188 1955 200 2038 Ι
262 2059 291 2107 1.
341 1952 457 2107 Vocdr
475 2041 651 2105 Henricus
665 2037 771 2104 Hoclz.
797 2057 827 2104 2.
853 2041 963 2105 Natus
985 2063 1060 2108 sum
1084 2065 1191 2110 annos
1213 2065 1266 2129 33,
1290 2057 1325 2112 et
1345 2070 1414 2134 ago

189 2149 286 2196 nunc
315 2149 368 2211 34.
394 2149 425 2212 3.
449 2130 532 2198 Sum
558 2130 744 2194 brabantus
764 2128 1051 2196 huscoduensis...
1080 2151 1130 2198 12.
1153 2134 1236 2200 Sum
1258 2148 1415 2221 receptus

185 2217 304 2286 Loreti
322 2217 358 2282 in
374 2218 468 2284 ltalia
483 2217 517 2282 in
534 2217 603 2284 line
619 2219 690 2284 sere
706 2215 785 2282 anni
802 2231 857 2298 57,
876 2219 929 2282 vel
945 2217 1033 2284 circa
1051 2219 1183 2286 initium
1199 2223 1279 2288 anni
1301 2226 1355 2306 58,
1380 2235 1415 2292 et
1514 2255 1517 2260 ·

184 2317 273 2372 tunc
289 2306 329 2391 (si
350 2319 442 2374 recte
462 2305 610 2387 memini)
632 2326 699 2370 non
723 2304 772 2368 fui
792 2305 1045 2372 examinatus..
1074 2327 1124 2390 14.
1150 2311 1232 2377 Sum
1255 2316 1414 2383 sacerdos

183 2393 353 2480 indignus
370 2397 480 2460 sactus
496 2395 530 2458 in
547 2393 717 2461 Societate
733 2393 899 2461 Viennae.
929 2410 978 2477 15.
1002 2396 1065 2461 Fui
1087 2399 1213 2478 Loreti,
1237 2401 1411 2483 Recanati,

183 2483 364 2567 Foroliuij,
384 2483 548 2561 Veneriis,
568 2483 732 2559 Viennae,
752 2483 890 2562 Romae,
915 2483 1084 2564 Ameriae,
1104 2487 1261 2572 Louanij,
1281 2491 1410 2558 Toma-

183 2571 231 2651 ci,
253 2573 455 2658 Moguntiae
471 2592 602 2637 nunc...
627 2589 677 2652 17.
697 2570 760 2636 Fui
776 2569 942 2649 Viennae,
962 2573 1116 2658 Louanij‚
1140 2577 1336 2644 Tornaci'et
1358 2579 1413 2646 hic
1504 2653 1506 2660 ¹

184 2660 391 2746 Moguntiae
408 2661 600 2745 praelectus
619 2658 906 2725 commensalium.
934 2662 1094 2727 Foroliuii
1118 2663 1166 2728 tui
1187 2669 1413 2736 communiter
1475 2719 1484 2736 .

184 2770 307 2828 cocuS,
337 2751 538 2816 hortulanus
558 2760 593 2814 et
613 2747 776 2815 inseruiui
796 2745 841 2812 ihi
864 2748 968 2814 fabris
991 2751 1146 2818 murariis
1169 2765 1204 2820 et
1224 2755 1406 2839 portarius.

199 2840 242 2917 ll,
261 2839 327 2920 617
817 2897 820 2906 .
1079 2883 1084 2894 -

183 2838 195 2926 [
261 2945 289 2992 1.
329 2837 454 2992 ]v0cor
470 2926 628 2991 Hermes.
648 2941 678 2990 2.
698 2927 820 2990 Annos
833 2936 1020 2992 natussum
1034 2926 1068 2992 in
1080 2929 1242 3011 Augusto
1254 2931 1412 3016 sequenti

186 3035 243 3100 32.
265 3035 296 3098 3.
316 3017 426 3081 Natus
442 3036 518 3079 sum
534 3012 693 3093 Tornaci,
712 3034 800 3097 quae
816 3013 936 3080 ciuitas
953 3026 1005 3082 est
1022 3017 1240 3085 Flandriae...
1266 3037 1296 3101 7.
1323 3021 1412 3088 Sunt

183 3103 272 3170 mihi
300 3105 368 3169 duo
396 3105 528 3181 fratres,
558 3103 642 3167 alter
668 3101 852 3168 canonicus
880 3104 1100 3184 tornacensis,
1134 3107 1219 3174 alter
1249 3109 1411 3176 minimus

181 3191 340 3260 omnium
368 3203 467 3271 natu3
488 3205 556 3256 tres
582 3211 716 3258 sorores
737 3190 928 3284 religiosae,
950 3214 1016 3258 vna
1036 3193 1110 3280 iam,
1123 3207 1240 3280 nupta,
1265 3209 1300 3263 et
1320 3199 1410 3267 duae

181 3282 340 3348 nondum
357 3290 496 3366 nuptae,
515 3289 549 3346 et
565 3300 685 3344 omnes
700 3301 761 3364 pro
777 3301 838 3345 sua
856 3281 1050 3350 conditione
1067 3293 1251 3368 utcumque
1274 3286 1408 3354 diuites

182 3373 383 3454 Antequam
406 3368 612 3436 Societatem
634 3367 843 3452 ingrederer,
869 3370 1042 3436 studiosus
1061 3393 1165 3451 eram,
1192 3384 1226 3438 et
1248 3373 1283 3438 in
1307 3375 1425 3445 literis.

184 3457 302 3524 statim
326 3458 369 3524 ab
390 3457 530 3523 ineunte
550 3467 663 3523 aetate
682 3468 849 3536 versatus,
878 3468 913 3523 et
940 3458 1126 3526 medicinae
1150 3474 1295 3544 quatuor
1316 3463 1413 3530 annis

184 3549 266 3633 plus
283 3546 415 3625 minus·
427 3545 456 3611 si
473 3567 541 3611 non
559 3545 666 3623 fallor,
684 3545 924 3613 studueram...
948 3565 996 3613 12.
1017 3550 1052 3614 ln
1074 3550 1229 3633 sequenti
1251 3554 1412 3637 Augusto

185 3646 275 3702 octo'
286 3634 365 3700 anni
381 3645 482 3701 erunt
498 3655 576 3700 cum
593 3633 641 3698 fui
658 3631 690 3697 in
709 3633 914 3702 Societatem
931 3635 1109 3716 admissus,
1124 3636 1226 3721 idque
1238 3640 1366 3708 Romae
1378 3643 1412 3707 in

186 3723 334 3792 aedibus
362 3726 515 3804 Patrum,
545 3732 579 3790 et
609 3723 710 3789 credo
737 3743 791 3788 me
820 3722 924 3789 luisse
951 3725 1220 3792 examinatum...
1252 3747 1302 3809 14.
1328 3731 1412 3798 Sum

185 3814 361 3880 sacerdos.
385 3828 435 3894 15.
455 3813 490 3876 ln
508 3833 649 3876 romano
662 3821 696 3879 et
707 3813 772 3876 hoc
784 3810 972 3879 viennensi.
990 3815 1026 3878 ln
1039 3813 1112 3879 aliis
1124 3815 1259 3896 quidem
1275 3817 1334 3898 fui,
1350 3819 1411 3886 sed

186 3923 260 3968 non
276 3899 440 3967 habitaui.
460 3899 565 3988 [Solu]
591 3917 618 3965 1.
641 3901 786 3966 Duobus
807 3899 904 3966 annis
925 3901 1163 3986 philosophicis
1184 3903 1219 3968 in
1240 3906 1411 3994 Societate

186 3990 319 4070 studui3
344 3988 452 4055 trihus
475 3986 678 4072 theologicis
698 3999 733 4054 et
752 3988 904 4067 dimidio,
928 3991 1004 4075 plus
1024 3989 1148 4070 minus,
1171 4003 1250 4060 ante
1266 3996 1410 4078 gradum

100 4082 113 4104 ⁰
184 4077 272 4144 mihi
304 4080 347 4146 ab
374 4077 568 4146 obedientia
598 4077 727 4143 datum.
762 4079 956 4161 Antequam
985 4089 1098 4147 autem
1125 4081 1331 4150 Societatem
1358 4085 1412 4150 in-

183 4167 363 4253 grederer,
383 4166 503 4251 partim
532 4167 714 4232 admodum
739 4164 772 4230 in
790 4165 1033 4251 philosophicis
1052 4190 1143 4234 eram
1161 4182 1328 4252 versatuS,
1347 4195 1411 4242 nec

182 4277 279 4323 eram
308 4254 446 4322 omnino
473 4253 651 4340 imperitus
670 4251 843 4321 literarum
871 4255 1121 4339 humaniorum,
1153 4258 1346 4341 latinarum,
1377 4273 1411 4329 et

243 4492 251 4523 ¹
290 4489 344 4546 Est
357 4486 467 4542 ibidem
480 4485 559 4541 aliud
573 4501 696 4540 examen
710 4483 831 4539 Henrici
846 4485 969 4540 Arborei
980 4503 1056 4542 anno
1070 4489 1137 4558 1566
1149 4491 1300 4564 scriptum,
1312 4495 1411 4568 inquo

185 4559 229 4614 ait
242 4567 304 4614 tres
317 4575 408 4614 annos
421 4558 452 4613 iu
464 4556 590 4627 collegio
602 4555 823 4626 ingolstadiensi
836 4573 869 4610 se
879 4555 1000 4612 fecisse.

242 4634 254 4664 ¹
292 4630 379 4702 Apud
393 4631 574 4694 Drrrmcr,
588 4629 643 4684 loc.
657 4628 726 4698 cit.‚
739 4629 785 4698 4*,
797 4625 904 4682 dicitur
918 4629 1028 4684 «admis
1040 4629 1057 4684 ὲ
1069 4631 1200 4688 Louvain
1214 4652 1251 4690 en
1267 4647 1366 4705 1552».
