3666 5384
414 452 452 509 5⁰
827 391 870 494 ⁸1².
891 440 1033 496 Nnrsms
1051 443 1216 498 Bruma.

480 645 535 714 87
597 667 720 715 noune
752 668 842 716 posr
868 658 949 716 affl
975 669 1230 717 nrssrousurn
1246 670 1457 734 nrsrsursn,

863 787 1010 835 vrcnnro
1028 788 1060 833 r.
1079 786 1198 834 naxus

991 920 1076 974 155⁷

482 1057 636 1126 Intellexi
652 1059 695 1126 de
711 1059 856 1145 transitu
874 1063 913 1127 P.
933 1059 1069 1146 Ignatij,
1083 1070 1149 1128 etc.
1169 1062 1352 1146 Quomodo
1363 1071 1500 1128 creatus
1512 1061 1576 1128 fuit
1587 1062 1650 1127 vi-

415 1173 528 1241 carius
542 1176 581 1240 P.
601 1176 746 1260 LayneS,
765 1185 831 1242 etc.
849 1175 946 1242 Dixit
962 1176 1137 1243 Bobadilla
1157 1197 1194 1244 se
1214 1187 1371 1244 sanatum
1387 1177 1518 1258 afebri,
1536 1199 1647 1263 quum

415 1289 542 1358 iaceret
557 1289 593 1356 in
608 1291 698 1358 lecto
713 1291 770 1356 vbi
787 1291 901 1360 fuerat
915 1303 1070 1358 mortuus
1088 1295 1127 1358 P.
1147 1291 1310 1379 [gnatius.
1331 1291 1511 1360 Cornelius
1528 1294 1572 1362 de
1587 1315 1647 1361 sa-

418 1416 499 1472 nata
514 1405 584 1473 filia
598 1405 775 1474 cuiusdam
792 1407 943 1475 mulieris
958 1408 1117 1490 deuorare,
1132 1417 1199 1477 etc.

486 1521 655 1588 Adhibuit
675 1543 730 1588 me
750 1521 793 1589 ad
813 1522 954 1606 consilia
976 1526 1015 1589 P.
1039 1519 1208 1615 La[ynes].
1232 1525 1399 1610 Suscepta
1420 1525 1559 1593 fuerunt
1575 1527 1653 1592 duo

419 1638 566 1724 collegia
579 1637 705 1706 Montis
725 1638 731 1725 Ι
752 1639 930 1708 Pessulani
943 1649 978 1707 et
987 1638 1159 1707 Perusiae.
1171 1639 1246 1726 Ego
1258 1649 1372 1706 tamen
1384 1641 1565 1706 censebam
1576 1663 1650 1708 non

421 1775 497 1822 esse
512 1753 705 1840 recipienda
720 1754 865 1842 collegia
880 1756 935 1823 vel
951 1777 1005 1822 res
1017 1753 1192 1841 grauiores
1204 1757 1356 1841 agendas
1369 1765 1449 1824 ante
1466 1755 1651 1842 praepositi

422 1869 592 1956 generalis
626 1859 849 1938 creationem.¹
879 1873 964 1937 Fere
995 1893 1050 1938 me
1082 1870 1263 1938 suffocauit
1294 1875 1471 1938 catarrhus
1501 1873 1650 1957 quadam

422 1995 537 2067 nocte3
546 2007 652 2071 quum
665 1985 779 2052 subito
790 1985 1291 2072 occlusissetanhelitum,exiiij
1305 2009 1325 2055 e
1337 1987 1440 2070 lecto,
1448 1997 1483 2055 et
1494 1987 1651 2056 deiectus

422 2111 475 2167 est
490 2103 680 2168 catarrhus:
697 2102 745 2166 fui
758 2101 805 2168 ita
816 2101 1033 2183 conterritus,
1047 2112 1085 2168 vt
1096 2101 1242 2188 singulis
1253 2101 1413 2168 noctibus
1429 2101 1544 2188 aliquo
1561 2113 1653 2170 tem-

423 2239 506 2303 pore
526 2239 581 2284 me
600 2217 647 2285 ita
675 2215 763 2283 serio
789 2238 944 2303 pararem
971 2218 1164 2284 concedens
1179 2216 1348 2297 cubitum,
1367 2227 1470 2302 atque
1486 2217 1516 2284 si
1532 2219 1656 2308 eadem

425 2341 528 2398 nocte
541 2353 651 2400 essem
670 2335 679 2366 ¹
697 2354 717 2398 e
733 2335 891 2398 catarrho
907 2334 1139 2398 suffocandus.

492 2445 550 2514 88
595 2448 708 2532 Quam
720 2446 961 2516 inchoaueram
973 2446 1007 2512 in
1036 2445 1201 2532 Hispania
1212 2447 1462 2532 expositionem
1475 2448 1509 2513 in
1521 2447 1656 2514 consti—

427 2561 588 2642 tutiones,
607 2583 682 2628 sum
699 2561 827 2646 aliquot
843 2560 964 2629 diebus
980 2571 1192 2646 prosecutus.
1210 2561 1345 2630 Deinde
1361 2561 1470 2630 adieci
1486 2562 1655 2643 animum,

313 2725 318 2732 -
426 2688 461 2745 et
477 2699 614 2764 operam
625 2677 703 2744 dedi
716 2675 995 2743 annotationibus
1005 2676 1041 2741 in
1052 2676 1327 2760 constitutiones
1342 2701 1386 2746 ex
1398 2677 1524 2762 quibus
1535 2688 1657 2763 postea

427 2793 561 2860 confeci
577 2791 716 2872 scholia,
737 2793 791 2858 vel
806 2794 850 2858 ad
861 2765 1078 2876 dificultateS,
1092 2813 1177 2876 quas
1189 2803 1387 2860 notaueram
1400 2793 1655 2879 respondend0‚

429 2910 484 2974 vel
505 2907 706 2994 excipiendo
727 2907 755 2973 si
777 2908 859 2993 quid
879 2909 1059 2975 videbatur
1079 2929 1155 2976 esse
1175 2910 1353 2975 commode
1369 2919 1581 2991 annotatum,
1600 2911 1660 2976 vel

431 3025 588 3091 addendo
603 3045 690 3108 quae
707 3026 943 3092 occurrebant.
970 3045 980 3055 “

497 3142 587 3206 Data
609 3149 662 3206 est
690 3137 772 3204 mihi
799 3139 1114 3225 superintendentia
1133 3141 1282 3227 collegij,
1305 3143 1397 3226 quod
1416 3141 1606 3209 habebatur
1622 3143 1660 3207 in

431 3254 488 3322 via
504 3255 560 3322 illa
576 3256 619 3321 ad
635 3252 823 3323 Mineruae.
839 3256 938 3320 Eram
952 3254 1088 3339 quidem
1101 3255 1135 3320 in
1148 3255 1306 3342 collegi0‚
1321 3257 1382 3323 sed
1394 3255 1487 3323 nolui
1496 3255 1663 3343 interpel-

433 3371 504 3438 lare
516 3369 680 3437 rationem
700 3370 706 3460 Ι
726 3370 997 3458 gubernationis²
1008 3393 1087 3438 nam
1095 3371 1195 3438 simul
1205 3383 1240 3438 et
1252 3374 1292 3438 P.
1305 3373 1475 3438 Polancus
1486 3383 1521 3438 et
1535 3374 1664 3440 P.Ma—

434 3485 565 3553 dridius
580 3487 687 3553 multa
702 3488 869 3554 curabant
884 3496 919 3552 et
931 3489 1081 3572 agebant
1093 3487 1127 3552 in
1140 3487 1299 3574 collegio.

502 3601 618 3668 Habui
634 3601 763 3687 aliquot
779 3601 1034 3668 exhortationes
1049 3604 1092 3668 de
1107 3602 1277 3686 instituto,
1296 3624 1402 3688 quum
1418 3604 1562 3689 primum
1580 3605 1660 3671 veni

435 3718 589 3798 Romam,
608 3739 695 3802 quae
711 3727 952 3787 successerunt
968 3741 987 3784 e
1003 3718 1183 3785 sententia.
1204 3721 1328 3788 Postea
1345 3719 1427 3787 alias
1439 3719 1555 3799 habui,
1571 3739 1665 3805 quae

440 3854 509 3899 non
525 3833 623 3901 adeo,

503 3948 653 4016 Minatus
670 3949 781 4017 fuerat
797 3951 926 4016 Paulus
947 3951 1035 4019 velle
1051 3972 1088 4016 se
1108 3952 1150 4017 de
1168 3953 1270 4016 rebus
1291 3950 1416 4018 nostris
1436 3971 1665 4038 cognoscere,

437 4063 550 4130 omnia
580 4065 668 4132 velle
698 4085 741 4130 ex
772 4064 829 4130 illa
859 4066 1022 4132 cathedra
1052 4065 1247 4134 examinari:
1282 4077 1355 4135 erat
1381 4066 1484 4135 etiarn
1515 4066 1670 4133 minatus

439 4181 479 4246 P.
494 4179 640 4265 Ignatio:
658 4201 698 4245 «o
710 4180 799 4246 colui
812 4181 824 4212 ²
842 4206 855 4242 r
871 4191 937 4248 etc.
953 4180 1094 4248 Dixerat
1108 4183 1147 4248 P.
1163 4181 1334 4268 Ignatium
1348 4182 1525 4267 tyrannice
1536 4182 1667 4269 guber-

444 4321 641 4336 ——q

494 4399 502 4430 ¹
542 4395 756 4464 Ms.,noctibus
772 4413 843 4451 esse.

491 4481 504 4515 ¹
539 4485 625 4540 Prius
642 4485 783 4556 scriptum
801 4483 907 4540 fuerat:
922 4489 989 4539 erat
1001 4487 1095 4540 eliam
1107 4487 1255 4541 minatus:
1270 4503 1314 4554 «o,
1324 4487 1435 4554 celuim
1452 4485 1505 4541 sed
1522 4494 1555 4541 ut
1569 4485 1668 4541 declu-

439 4581 518 4629 raret
529 4573 566 4629 de
579 4591 705 4647 quonam
719 4583 799 4630 esset
812 4591 920 4645 sermo,
931 4573 994 4646 ipse
1009 4575 1113 4646 Nadal,
1123 4574 1199 4630 inter
1212 4577 1303 4631 verba
1312 4577 1449 4631 minatus
1461 4583 1491 4630 et
1502 4593 1547 4647 «o,
1556 4576 1670 4640 coluit,

440 4662 553 4718 addidit
567 4665 604 4718 P.
619 4665 666 4736 lg.
