3526 5380
410 461 461 519 174
827 445 937 500 Ense.
958 443 992 498 Ρ.
1013 442 1217 513 Nenos-237

407 600 460 668 cia
479 597 535 666 del
552 599 662 666 Senot
677 617 715 665 se
735 598 781 662 ha
796 597 906 662 hecho
923 596 1030 662 frutto
1048 617 1113 662 con
1134 592 1349 687 examienles,
1372 593 1573 663 renouation
1587 595 1633 663 de

407 726 519 790 votos,
539 711 679 799 platicas
694 733 717 797 y
731 711 887 779 diuersos
901 710 1057 791 ordenes,
1075 731 1175 777 como
1196 710 1242 776 mi
1262 712 1457 779 costumbre
1476 732 1514 780 es
1529 713 1633 778 hazer

407 853 449 899 en
466 829 565 896 todos
580 829 631 893 los
648 825 822 913 collegios.
842 827 936 892 Hase
953 826 1087 892 tomado
1103 847 1288 912 esperanza
1310 847 1377 911 que
1404 849 1446 894 en
1469 827 1631 912 Augusta

406 947 601 1014 rendremos
628 952 743 1028 presto
769 942 875 1027 algr'm
886 939 1066 1027 ,principio
1080 941 1124 1009 de
1151 941 1308 1028 collegio,
1326 963 1349 1027 y
1365 943 1397 1008 el
1411 941 1571 1008 cardenal
1585 941 1630 1009 de

404 1061 566 1146 Augusta
581 1061 626 1124 ha
641 1056 768 1142 scripto
784 1057 827 1124 de
842 1076 964 1142 queret
979 1057 1083 1122 daria
1095 1056 1312 1123 vniuersidad
1328 1057 1372 1124 de
1392 1055 1531 1142 Dilinga
1554 1061 1575 1122 a
1596 1056 1630 1122 la

404 1175 593 1259 Companla
609 1172 819 1250 totalmente,
837 1193 860 1255 y
874 1170 905 1237 el
921 1170 1037 1254 duque
1052 1172 1095 1237 de
1112 1170 1256 1240 Bauiera
1271 1193 1334 1258 por
1353 1193 1413 1238 sus
1434 1171 1629 1256 consejeros

404 1312 459 1358 me
473 1292 518 1356 ha
534 1286 747 1356 demandado
763 1305 828 1351 con
848 1283 1072 1371 grandissima
1086 1284 1247 1354 instantia
1262 1287 1295 1352 la
1316 1286 1494 1353 fundatidn
1515 1286 1559 1352 de
1581 1307 1628 1352 vn

404 1401 550 1489 collegio
565 1424 647 1489 para
659 1423 725 1468 vna
741 1400 863 1468 ciudad
880 1400 1042 1486 principal
1054 1423 1139 1486 suya
1151 1402 1295 1468 llamada
1310 1401 1510 1487 Straubing.
1525 1403 1628 1487 Haga

403 1529 508 1605 gente
525 1519 567 1586 V.
588 1519 629 1584 R.
644 1519 809 1602 ybuenos
821 1517 990 1595 soldadOS,
1005 1537 1072 1602 que
1083 1516 1115 1582 la
1127 1517 1250 1582 baralla
1262 1523 1335 1583 esta
1347 1527 1432 1596 rota,
1447 1517 1532 1601 ylos
1543 1537 1629 1584 ene·

327 1641 330 1646 '
403 1633 514 1720 migos
529 1635 656 1718 huyen:
676 1653 748 1697 mas
769 1653 837 1697 aun
857 1639 1009 1716 regadan
1031 1631 1083 1697 los
1104 1630 1236 1699 dientes
1256 1633 1340 1698 ellos
1359 1653 1382 1717 y
1402 1631 1436 1697 el
1454 1629 1626 1712 demonio;

406 1769 479 1816 mas
495 1748 644 1815 bellacos
660 1768 723 1814 son
739 1769 762 1832 y
778 1745 893 1812 ruines
918 1749 940 1812 ¹.
1386 1827 1392 1834 η

426 1845 434 1874 ⁸
473 1883 523 1931 11.
572 1861 661 1930 Vine
676 1862 822 1947 despues
838 1867 858 1927 a
872 1871 946 1928 este
962 1860 1119 1948 collegio,
1137 1884 1160 1947 y
1175 1863 1218 1930 he
1235 1863 1352 1929 estado
1367 1885 1411 1931 en
1426 1863 1458 1930 el
1475 1879 1515 1929 21
1541 1867 1563 1928 ό
1579 1879 1623 1928 22

401 1980 486 2059 dlaS‚
505 2000 571 2064 que
587 1981 632 2045 ha
646 1977 721 2044 sido
736 1987 916 2055 menester‚
929 1998 991 2062 por
1003 1997 1058 2043 ser
1069 1979 1100 2042 el
1112 1975 1260 2062 collegio
1276 1998 1401 2044 nueuo:
1417 1981 1499 2044 hase
1514 1979 1625 2043 hecho

387 2095 519 2174 trutto,
549 2115 616 2160 con
643 2094 676 2158 la
703 2092 817 2178 gracia
837 2092 880 2157 de
900 2093 1009 2176 Xp0.‚
1033 2095 1131 2158 harto
1150 2094 1264 2159 bueno
1283 2092 1309 2173 '3
1334 2103 1479 2160 maliana
1505 2099 1526 2161 6
1546 2113 1624 2162 esse

403 2221 479 2275 otro
495 2211 550 2276 dla
566 2209 695 2294 pienSO,
714 2227 777 2273 con
794 2208 826 2272 la
841 2205 958 2272 diuina
970 2207 1096 2292 gracia,
1111 2207 1253 2293 patirme
1269 2230 1350 2294 para
1362 2209 1532 2296 Salzpurg
1543 2229 1625 2295 para

404 2335 523 2390 trattar
537 2344 602 2390 con
617 2324 649 2390 el
665 2321 853 2406 arcobispo,
871 2342 957 2405 ques
972 2324 1096 2388 mucho
1111 2322 1225 2408 amigo
1240 2323 1284 2391 de
1299 2324 1333 2389 la
1352 2324 1553 2410 Compania,
1577 2323 1623 2392 de

401 2440 434 2506 la
455 2439 638 2523 fundacion
658 2439 702 2505 de
720 2460 767 2502 vn
786 2436 933 2522 collegio
953 2437 997 2504 de
1017 2459 1104 2524 gran
1123 2438 1355 2524 ymportanpia
1375 2460 1443 2524 que
1463 2439 1623 2507 entiendo

401 2554 518 2639 quieta
533 2555 656 2620 fundar
671 2574 715 2619 en
730 2573 772 2619 su
787 2552 923 2632 ciudad,
941 2574 963 2638 y
979 2553 1124 2638 puedelo
1144 2555 1245 2620 hazer
1266 2575 1348 2638 muy
1368 2553 1459 2620 bien.
1481 2557 1535 2621 De
1551 2555 1619 2636 aiil,

399 2691 465 2735 con
482 2670 514 2735 la
530 2669 645 2756 gracia
661 2669 715 2736 del
731 2669 852 2748 Senot,
870 2671 931 2752 yre
947 2673 967 2733 έι
983 2665 1116 2735 Vienna
1131 2690 1153 2753 y
1168 2669 1320 2752 aquellos
1335 2679 1428 2736 otros
1443 2669 1617 2758 collegios.

401 2787 484 2869 Muy
498 2785 542 2851 de
557 2806 657 2852 ueras
674 2805 781 2869 ruego
797 2789 817 2849 ά
832 2784 875 2851 V.
897 2785 936 2850 R.
956 2785 1046 2868 haga
1058 2786 1159 2848 hazer
1171 2782 1291 2850 missas
1303 2805 1326 2868 y
1338 2784 1471 2851 oration
1483 2806 1548 2870 por
1559 2791 1617 2851 mi.

399 2901 452 2966 Yo
468 2899 547 2966 bien
563 2899 680 2985 pienso
696 2920 763 2984 que
782 2899 815 2964 lo
834 2920 905 2983 que
925 2909 1064 2965 nuestro
1087 2898 1196 2964 Padre
1216 2899 1345 2968 ordend
1366 2920 1427 2985 por
1448 2901 1501 2966 los
1514 2901 1620 2968 colle-

399 3014 487 3100 gios,
505 3036 573 3100 que
589 3015 673 3082 cada
688 3014 864 3082 sacerdote
880 3013 965 3080 cada
984 3034 1125 3081 semana
1139 3013 1274 3082 discsse
1290 3035 1356 3081 vna
1372 3015 1475 3082 missa
1496 3038 1557 3102 por
1572 3022 1619 3082 mi

453 3321 460 3352 ¹
498 3316 574 3371 Vide
586 3316 673 3388 epist.
688 3327 751 3388 227,
764 3334 792 3371 n.
807 3315 835 3370 8.

448 3410 460 3441 ¹
475 3419 477 3423 ·
498 3405 545 3460 Ad
557 3422 619 3460 rem
632 3404 754 3472 faciunt,
767 3421 842 3476 quae
860 3403 977 3476 scripsit
990 3403 1137 3476 Georgius
1151 3405 1312 3476 Peraxylus
1330 3406 1360 3462 in
1380 3407 1483 3464 litteris
1501 3409 1620 3482 quadri-

398 3494 555 3550 mestribus
568 3493 684 3566 collegii
698 3493 895 3565 oenipontani,
913 3506 948 3547 zo
966 3493 1095 3563 Januarii
1114 3491 1197 3562 1563:
1218 3513 1267 3551 rr...
1289 3495 1337 3550 Ad
1352 3513 1427 3568 quae
1444 3498 1542 3553 omnia
1559 3515 1618 3555 non

396 3600 516 3654 paruum
530 3583 680 3638 stimulum
693 3581 804 3638 addidit
816 3581 859 3637 eis
872 3582 1002 3654 [nostris]
1013 3583 1048 3637 R.
1063 3583 1096 3636 P.
1108 3581 1220 3636 Natalis
1233 3582 1388 3652 aduentus,
1398 3586 1448 3657 qui
1458 3603 1494 3642 eo
1507 3594 1619 3660 tempo·

395 3690 435 3738 re,
451 3689 509 3744 quo
519 3672 566 3726 hic
577 3671 728 3727 nobiscum
741 3679 936 3726 commoratus
946 3677 1002 3740 est,
1013 3669 1216 3743 frequentibus
1226 3671 1488 3747 exhortationibus,
1499 3675 1618 3731 iisdem·

394 3778 452 3834 que
465 3760 559 3832 plenis
571 3761 646 3825 zelo,
661 3759 770 3831 effecit,
784 3767 817 3814 ut
829 3775 905 3814 noua
918 3760 1003 3830 plane
1021 3759 1182 3814 secundum
1196 3757 1352 3816 Societatis
1363 3761 1507 3818 rationem
1524 3763 1619 3821 forma

394 3851 424 3905 in
437 3851 492 3905 hoe
505 3848 631 3922 collegio
644 3847 890 3904 introduceretur.
908 3848 1157 3904 Constitutionum
1171 3857 1335 3905 nostrarum
1348 3852 1539 3925 principalem
1553 3871 1618 3927 per-

394 3947 455 3993 tem
468 3937 619 4009 explicuit,
632 3936 721 3992 finem
740 3936 896 3992 Societatis
914 3936 1049 3992 omnibus
1065 3936 1225 4008 diligenter
1236 3939 1462 4009 commendauit,
1476 3944 1572 3998 officia
1585 3943 1616 4000 in

393 4043 495 4082 omnes
507 4024 669 4095 distribuit,
683 4025 845 4081 studiorum
858 4025 976 4080 modum
989 4026 1186 4098 praescripsit:
1201 4025 1269 4082 inde
1287 4027 1424 4084 ellectum
1442 4039 1500 4102 est,
1513 4039 1546 4087 ut
1558 4033 1616 4105 pri-

393 4113 441 4170 die
453 4114 589 4170 calendas
606 4113 794 4185 decembres,
813 4131 930 4184 omnes,
949 4113 1107 4186 praemissa
1124 4113 1310 4171 confessione
1326 4119 1468 4188 generali,
1488 4128 1521 4175 ut
1539 4124 1615 4178 sole·

393 4221 469 4274 mus,
483 4221 519 4259 eo
531 4221 645 4259 sacrum
658 4203 795 4271 faciente,
809 4213 877 4258 uota
891 4211 990 4258 nostra
1002 4202 1038 4258 de
1052 4203 1168 4274 integro
1185 4205 1249 4259 Deo
1262 4206 1456 4263 obtulerimus
1467 4225 1535 4264 cum
1555 4228 1614 4266 ma·

390 4309 449 4362 gna
463 4293 572 4365 pietate
585 4299 616 4347 et
629 4291 790 4347 animorum
808 4291 953 4346 laetitia...
973 4291 1141 4347 Studiorum
1158 4293 1395 4363 renouationem,
1409 4303 1442 4350 ut
1460 4297 1548 4354 moris
1567 4307 1613 4354 est

392 4381 547 4437 Societatis
560 4387 688 4453 nostrae,
701 4379 882 4436 instituimus
896 4381 1058 4435 solemnem
1068 4380 1098 4436 in
1109 4381 1274 4452 praesentia
1284 4381 1317 4436 P.
1329 4382 1453 4453 Natalis3
1468 4393 1499 4442 et
1512 4395 1544 4441 ut
1553 4389 1612 4459 pla·

393 4469 459 4524 nius
471 4469 542 4542 quid
554 4470 592 4525 de
604 4487 639 4525 ea
651 4469 757 4540 dicam,
771 4467 966 4525 interfuerunt
978 4469 1071 4540 primo
1087 4468 1136 4525 die
1152 4469 1281 4537 (durauit
1298 4471 1376 4527 enim
1389 4473 1483 4529 tribus
1495 4474 1612 4546 diebus)

392 4558 531 4630 primates
553 4559 663 4614 excelsi
684 4558 771 4613 huius
793 4558 961 4630 regiminis,
985 4557 1092 4631 aliique
1109 4574 1167 4614 non
1190 4557 1306 4615 infimae
1319 4560 1496 4620 conditionis
1521 4565 1612 4620 homi-

393 4665 499 4704 nes...»
513 4651 557 4704 Ex
572 4647 648 4705 Cod.
664 4662 703 4718 29
716 4649 755 4720 c),
770 4646 823 4704 fol.
844 4659 890 4703 111
906 4650 993 4719 (290).
