3666 5384
548 486 739 548 Paoosmuu
757 497 896 542 saeuum
914 497 1084 542 volumnus
1396 499 1427 541 xr

198 635 309 716 stoliS,
327 635 387 704 ubi
402 638 445 704 de
461 637 709 706 haereticorum
725 636 868 718 insidiis,
883 638 926 704 de
937 637 1128 725 principum
1140 637 1243 705 nimia
1255 659 1339 726 erga
1350 640 1427 706 rllos

198 751 395 832 tolerantia,
428 752 471 820 de
498 773 632 840 regum,
661 751 896 833 cardinalium,
926 751 1181 840 episcoporum,
1211 752 1425 839 aliorumque

198 887 262 951 pro
288 867 456 934 catholica
487 866 652 954 religione
672 867 863 948 laboribus,
897 867 1119 955 collegiorum
1152 868 1422 952 fundationibus,

195 980 321 1048 litteris
337 983 380 1049 ad
396 981 592 1069 pontificem
607 982 707 1063 datis,
727 994 793 1051 etc.
812 984 919 1050 multa
934 982 1221 1052 intermiscentur.

264 1098 446 1164 Hactenus
461 1099 505 1168 de
516 1100 619 1166 rebus
632 1100 675 1166 ad
685 1098 874 1166 catholicae
886 1097 1050 1167 ecclesiae
1061 1098 1236 1166 historiam
1248 1098 1423 1186 pertinen-

197 1211 304 1279 tibus.

262 1345 366 1395 mm.
383 1331 457 1395 Pro
469 1329 615 1398 historia
626 1329 1104 1418 SocietatisJesu.-Tametsi
1116 1331 1224 1416 major
1234 1331 1422 1399 documen·

192 1451 310 1510 torum
326 1444 429 1530 hujus
445 1444 628 1512 voluminis
643 1467 721 1532 pars
737 1446 781 1512 ad
792 1445 1029 1532 particularem
1042 1445 1216 1512 historiam
1230 1445 1421 1533 provincia-

191 1581 270 1626 rum
283 1559 491 1629 Germaniae
502 1559 707 1647 pertineant,
720 1559 827 1628 nihilo
838 1559 949 1628 secius
962 1562 1140 1648 generales
1148 1560 1329 1630 Societatis
1337 1564 1422 1650 Jesu

192 1674 273 1741 lasti
290 1675 527 1761 frequentibus
547 1675 842 1757 illustrationibus,
865 1697 1022 1761 novaque
1041 1678 1118 1744 luce
1133 1677 1315 1758 donantur,
1338 1679 1420 1744 dum

190 1788 257 1876 ipsi
275 1791 403 1871 fontes
421 1791 514 1874 unde
529 1790 719 1860 Sacchinus
735 1791 860 1878 aliique
880 1792 987 1858 nostri
1007 1791 1189 1878 scriptores
1205 1793 1339 1860 annalia
1358 1813 1420 1860 sua

189 1907 491 1994 deprompserunt,
509 1906 645 1994 publice
661 1906 895 1994 divulgantur,
913 1930 956 1976 ex
972 1908 1096 1994 quibus
1113 1908 1231 1990 multa,
1246 1929 1309 1976 nec
1326 1931 1418 1995 sper·

190 2023 321 2104 nenda,
343 2024 388 2090 ab
408 2022 475 2090 illis
501 2022 750 2109 praetermissa,
781 2021 923 2109 quilibet
937 2045 998 2110 per
1018 2023 1250 2111 semetipsum,
1268 2024 1381 2109 qualia
1390 2024 1418 2092 'a

190 2139 264 2205 ΡΡ.
290 2135 433 2218 Lainez,
454 2139 620 2220 Polanc0,
644 2138 770 2218 Nadal,
796 2139 913 2224 Borja,
936 2137 1091 2218 Canisio,
1113 2138 1149 2204 in
1174 2137 1245 2206 suis
1266 2137 1417 2225 epistolis

187 2263 328 2320 narrata
345 2254 496 2336 fuerunt,
515 2252 614 2322 facile
628 2273 843 2339 cognoscere
858 2263 971 2338 queat.

254 2367 330 2449 Sic,
348 2367 495 2454 exempli
511 2368 633 2454 gratia,
651 2366 815 2454 epistolae
830 2365 928 2434 annis
945 2368 1027 2452 1562
1040 2377 1075 2435 et
1095 2369 1189 2453 1563,
1204 2368 1248 2436 ad
1260 2370 1415 2436 Natalem

184 2505 206 2549 a
228 2485 384 2550 Polanco
404 2482 542 2552 nomine
566 2481 749 2571 praepositi
769 2483 940 2569 generalis
960 2484 1071 2566 datae,
1094 2485 1197 2570 hujus
1217 2483 1415 2572 vigilantem

185 2598 456 2668 sollicitudinem
483 2621 544 2686 pro
567 2597 745 2685 disciplina
771 2599 930 2684 religiosa
957 2597 1084 2686 ubique
1106 2593 1340 2685 promovenda
1364 2611 1415 2667 te-

184 2723 326 2781 stantur
342 2713 377 2780 in
389 2714 560 2801 responsis
573 2715 615 2780 ad
627 2713 731 2780 dubia
743 2713 947 2801 propositae
961 2717 1030 2780 ΡΡ.
1047 2715 1131 2794 Vaz,
1146 2715 1412 2795 Valderraban0,

185 2831 339 2911 Suarez,
367 2829 510 2916 aliisque
536 2828 800 2916 provincialibus
826 2831 882 2897 vel
909 2806 1098 2898 'rectoribus
1125 2829 1331 2920 transmissis
1358 2831 1412 2917 (28

185 2947 295 3026 Nov.,
318 2963 358 3028 14
373 2947 458 3013 Dec.
478 2946 533 3026 62;
551 2967 573 3031 9
589 2957 624 3011 et
636 2959 677 3028 25
695 2945 790 3032 Aug.
810 2945 865 3028 63,
884 2944 964 3031 etc.)
979 2947 1045 3012 Pro
1062 2945 1215 3032 collegiis
1227 2967 1367 3013 romano
1379 2955 1414 3015 et

184 3059 388 3148 germanico
399 3059 582 3128 sufficienti
597 3058 771 3127 dotatione
786 3059 965 3140 donandis,
985 3071 1149 3145 quantum
1166 3059 1280 3129 eximii
1290 3061 1338 3126 illi
1350 3060 1414 3126 viri

184 3175 328 3256 Lainez,
349 3175 487 3262 Borgia,
513 3175 662 3242 Polanco
678 3185 713 3242 et
735 3174 846 3243 Nadal
865 3174 1112 3256 insudaverint,
1130 3176 1267 3243 abunde
1286 3186 1321 3242 et
1338 3197 1415 3244 sae-

183 3291 325 3378 pissime
341 3311 459 3360 eorum
475 3290 608 3359 litterae
624 3299 903 3370 commonstrant,
922 3290 1118 3376 praesertim
1135 3312 1225 3358 anno
1250 3291 1334 3375 1563
1351 3292 1413 3357 da-

182 3417 240 3474 tae
256 3407 419 3494 (29Jun.,
436 3406 571 3494 27Jul.,
588 3403 655 3490 3'et
666 3426 688 3492 9
700 3407 809 3492 Aug,
830 3405 869 3472 16
880 3407 991 3492 Sept,
1006 3407 1087 3492 etc.)
1101 3409 1307 3494 Legatorum
1324 3427 1410 3493 pon-

182 3521 287 3588 tificis
302 3521 339 3587 in
354 3520 500 3588 concilio
516 3542 577 3606 pro
593 3519 776 3590 Societatis
796 3521 939 3606 ejusque
959 3520 1141 3608 praepositi
1162 3522 1254 3589 bono
1273 3521 1411 3589 nomine

182 3637 316 3705 tuendo
333 3636 480 3723 diploma
497 3657 576 3704 cum
593 3637 778 3722 archetypo
797 3635 956 3703 collatum
974 3636 1002 3723 (1
1022 3637 1138 3722 Nov.),
1156 3635 1319 3724 epistolae
1341 3639 1409 3706 sre-

123 3841 127 3848 ·
181 3762 331 3838 quentes
345 3754 389 3818 de
405 3752 508 3820 rebus
524 3749 658 3818 concilii
676 3751 765 3817 ultro
780 3750 933 3836 citroque
948 3753 1059 3832 datae,
1079 3751 1270 3818 testimonia
1282 3751 1409 3838 princi-

182 3889 267 3955 pum
284 3865 472 3954 Hispaniae
488 3878 522 3936 et
537 3865 742 3934 Germaniae
758 3888 819 3953 pro
834 3864 1006 3935 Societate
1021 3865 1156 3952 saepius
1171 3867 1215 3932 ad
1230 3887 1408 3933 romanum

179 3983 381 4070 pontificem
404 3981 519 4066 missa,
537 3981 701 4069 epistolae
719 3981 940 4055 cardinalium
957 3991 992 4050 et
1014 3980 1249 4068 episcoporum
1269 3984 1312 4049 ad
1329 3982 1408 4050 Lai-

180 4120 247 4166 nez
269 4109 305 4167 et
326 4100 435 4166 Nadal
456 4096 609 4184 aliosque
632 4120 692 4184 pro
712 4095 895 4166 Societatis
916 4119 1019 4184 opera
1038 4097 1251 4183 postulanda,
1274 4097 1408 4184 aliaque

178 4213 379 4301 hujusmodi
399 4225 634 4297 monumenta,
656 4212 888 4300 prudentiam,
911 4212 1095 4293 solertiam,
1117 4211 1330 4298 sapientiam,
1352 4213 1407 4278 in-

179 4341 374 4418 gentesque
394 4331 528 4398 illorum
551 4335 692 4399 Patrum
712 4331 844 4398 labores
864 4328 1031 4411 Tridenti,
1050 4331 1190 4411 Romae,
1213 4327 1354 4413 aliisque
1370 4329 1407 4395 in

180 4447 381 4534 regionibus
411 4456 589 4532 susceptos
620 4465 827 4532 magnopere
856 4445 1104 4512 commendant.
1137 4445 1266 4510 Votum
1294 4443 1406 4510 Patris

183 4561 310 4632 lainez
320 4563 356 4629 in
368 4561 514 4630 concilio
530 4562 574 4629 de
590 4560 828 4628 communione
843 4561 907 4627 sub
924 4570 1069 4645 utraque
1084 4558 1198 4645 specie
1213 4558 1354 4626 mirifice
1369 4559 1406 4628 in

182 4676 278 4744 curia
293 4677 479 4766 Hispaniae
495 4676 675 4765 placuisse,
694 4675 854 4745 comitem
869 4677 913 4745 de
930 4677 1039 4756 Luna,
1058 4673 1150 4762 regis
1171 4674 1357 4762 Hispaniae
1369 4674 1405 4742 111
