3666 5384
417 478 453 533 66
847 479 881 533 Ρ.
901 479 1043 536 Nemus
1061 479 1226 536 Enrrnusn.
1311 509 1312 512 =

418 628 533 716 potius
548 630 592 696 ad
607 629 791 716 collegium
808 631 905 699 daret
917 631 1051 711 domos,
1066 651 1168 718 quarn
1184 631 1336 698 adalind
1359 651 1446 718 opus
1464 631 1571 718 pium;
1589 655 1661 700 vo-

418 743 483 812 luit
499 754 613 812 tamen
627 755 666 810 vt
682 744 767 812 illud
782 745 965 833 imperaret
981 744 1065 812 Pius
1080 763 1115 827 4,
1132 746 1225 832 quod
1238 745 1429 834 ¹liberaliter
1450 746 1530 816 fecit
1553 748 1654 816 Pius,

419 863 539 944 Itaque
554 859 647 928 dedit
663 861 851 930 marchesia
872 861 956 928 m
981 881 1102 930 omnes
1128 860 1203 928 illas
1228 862 1367 951 domus,
1385 861 1477 950 illam
1504 862 1655 932 insulam

420 974 581 1062 collegio,
603 984 738 1062 praeter
757 976 937 1063 paruulum
957 976 1096 1043 domum
1118 975 1263 1062 trjtoris,
1284 975 1333 1044 ita
1353 988 1468 1044 tamen
1486 977 1593 1060 dedit,
1612 991 1659 1043 vt

426 1105 510 1174 1500
530 1106 562 1162 Δ
584 1089 727 1178 (opinor)
744 1112 898 1160 essemus
913 1090 979 1177 ipsi
999 1091 1224 1175 numeraturi,
1246 1101 1283 1160 et
1301 1091 1465 1179 precium,
1488 1115 1558 1180 quo
1578 1092 1660 1180 ipsa

422 1215 495 1272 erat
510 1227 624 1292 perse
645 1207 858 1274 conductura
887 1207 1040 1289 domum,
1063 1205 1122 1272 vbi
1146 1205 1326 1276 habitaret.
1340 1209 1449 1276 ¹Illam
1470 1208 1659 1294 pecuniam

422 1319 654 1388 dissoluimus.
673 1322 750 1388 Hoc
766 1321 918 1407 precium
933 1321 1051 1407 paucis
1066 1319 1166 1390 annis
1180 1320 1322 1405 remisit3
1336 1321 1521 1392 liberaliter
1537 1333 1660 1393 autem

424 1455 558 1522 semper
573 1446 626 1504 est
648 1434 809 1521 pollicjta,
823 1436 885 1501 sed
897 1436 968 1504 fere
990 1434 1075 1502 nihil
1086 1435 1232 1523 amplius
1247 1437 1342 1506 dedit
1354 1439 1521 1506 hactenus
1549 1439 1662 1506 colle-

425 1549 496 1637 gio.
509 1549 705 1637 Agentibus
717 1549 846 1636 aliquot
857 1550 1098 1632 cardinalibus,
1108 1561 1144 1620 et
1154 1550 1245 1619 inter
1260 1551 1388 1638 primos
1402 1553 1552 1635 Sabello
1569 1554 1660 1620 assi-

426 1664 547 1752 gnauit
562 1665 812 1751 eleemosynam
828 1665 975 1754 collegio
991 1665 1075 1734 Pius
1090 1682 1135 1752 50
1154 1682 1187 1738 Δ
1206 1666 1353 1754 singulis
1368 1667 1544 1736 mensibus
1563 1672 1585 1735 ¹.

492 1781 549 1847 Ad
564 1781 668 1850 finem
684 1781 764 1848 anni
790 1782 875 1866 1560
894 1781 1048 1850 decreuit
1070 1781 1204 1851 mittere
1226 1781 1498 1852 commissarium
1512 1785 1559 1851 ad
1573 1784 1664 1851 visi»

426 1896 565 1963 tandam
577 1895 772 1964 vniuersam
788 1895 925 1964 Societa
943 1896 950 1985 Ι
970 1905 1039 1965 tem
1051 1898 1077 1978 ¹,
1097 1898 1188 1982 quod
1199 1907 1306 1966 antea
1319 1897 1456 1983 quidem
1474 1909 1660 1979 statuerat,

426 2013 487 2081 sed
499 2011 655 2082 noluerat
666 2023 735 2079 tam
747 2011 815 2078 cito
828 2030 847 2078 2
859 2012 1058 2082 assistentes
1069 2014 1242 2100 ablegare.
1256 2015 1382 2083 Postea
1392 2035 1475 2082 vero
1486 2012 1667 2080 dificultas

426 2149 540 2196 rerum
555 2126 781 2213 hispaniensis
794 2126 1033 2215 [assistentiae]
1051 2125 1134 2195 fecit
1147 2138 1185 2194 vt
1199 2125 1338 2215 longius
1353 2127 1445 2196 illam
1462 2127 1663 2195 missionem

426 2264 496 2310 non
507 2241 658 2312 diferret:
677 2241 777 2310 simul
793 2241 937 2329 penuria
952 2243 1001 2322 rei
1016 2242 1233 2330 pecuniariae
1248 2246 1404 2330 urgebat.

494 2359 576 2424 Erat
592 2360 632 2424 P.
651 2359 679 2424 F
681 2357 855 2425 ranciscus
870 2357 905 2424 in
922 2358 1090 2444 Hispania
1110 2358 1375 2440 commissarius,
1393 2359 1562 2428 Araozius
1577 2381 1664 2445 pro—

428 2471 584 2539 uincialis
608 2471 786 2558 utriusque
813 2474 993 2540 Castellae.
1023 2473 1281 2562 Intelligebatur
1305 2473 1453 2541 Araozio
1475 2495 1546 2541 non
1568 2475 1665 2542 bene

429 2585 614 2654 conuenire
628 2607 708 2654 cum
725 2589 765 2654 P.
779 2589 807 2654 F
808 2586 973 2674 rancisco,
988 2589 1158 2674 quodiam
1170 2609 1240 2655 non
1251 2590 1363 2655 solum
1377 2590 1421 2655 ad
1430 2599 1581 2670 nostros,
1596 2591 1664 2656 sed

429 2702 474 2768 ad
487 2711 647 2770 externos
663 2712 937 2787 permanauerat,
954 2713 1058 2789 atque
1074 2703 1158 2770 128
1174 2704 1261 2773 adeo
1276 2705 1320 2770 ad
1332 2703 1475 2791 regiam.

495 2817 708 2884 Discesscrat
724 2817 764 2882 P.
782 2816 986 2885 Franciscus
1000 2817 1036 2885 in
1057 2819 1303 2906 Portugalliam
1324 2830 1401 2906 post
1421 2820 1661 2907 captiuitatem

429 2930 672 3018 archiepiscopi
688 2930 839 2999 toletani.
855 2930 1068 3000 Videbantur
1079 2933 1127 2999 illi
1137 2933 1262 3003 infensi
1274 2946 1310 3004 et
1321 2959 1381 3004 rex
1393 2946 1428 3003 et
1439 2935 1660 3023 hispalensis

430 3046 573 3134 Scripsit
589 3059 704 3117 tamen
718 3047 841 3114 seriam
857 3047 1037 3133 epistolam
1054 3053 1094 3117 P.
1112 3051 1317 3118 Franciscus
1332 3053 1376 3118 ad
1387 3072 1519 3140 regem,
1534 3053 1665 3139 quibus

430 3161 575 3254 [litteris]
590 3183 692 3229 suurn
712 3161 863 3229 animum
884 3165 1050 3249 probabat
1071 3165 1241 3253 Philippo,
1262 3177 1298 3234 et
1314 3168 1514 3251 excusabat,
1532 3165 1561 3234 si
1577 3168 1664 3252 quid

430 3274 578 3345 alienum
594 3278 637 3344 de
653 3299 690 3344 se
705 3276 763 3354 ille
779 3289 995 3364 conceperat.

497 3375 603 3478 Re'gts
629 3391 772 3461 offensio
798 3401 873 3459 orta
898 3392 1076 3461 dicebatur
1103 3417 1146 3462 ex
1166 3397 1382 3465 matrimonio
1402 3397 1465 3466 Ml
1485 3401 1665 3468 Mentesa-

431 3505 479 3589 ni,
498 3516 581 3588 etc.;
598 3507 800 3593 hispalensis
815 3529 858 3574 ex
871 3505 1100 3601 quibus[dam]
1115 3510 1377 3597 suspitionibus.
1401 3513 1571 3581 Araozius
1586 3515 1656 3582 exi-

431 3619 633 3688 stimabatur
643 3621 794 3708 potuisse
814 3622 820 3711 Ι
840 3621 915 3690 illas
927 3623 1661 3715 offensionespacare3quodquumnonsace-

433 3745 497 3818 ret,
514 3735 694 3804 videbatur
709 3758 849 3824 augere.
869 3738 1029 3807 Retinere
1044 3738 1224 3808 videbatur
1234 3742 1431 3809 memoriam
1443 3744 1536 3829 quod
1549 3744 1661 3810 fuerat

433 3853 612 3939 ablegatus
627 3873 648 3918 a
664 3854 705 3918 P.
723 3854 751 3919 F
752 3853 906 3921 rancisco
926 3853 961 3918 in
982 3845 1205 3942 Aragoniam,
1223 3858 1315 3941 quod
1329 3858 1416 3926 dure
1432 3858 1659 3946 acciperetur,

433 3968 524 4051 quod
533 3966 792 4035 interdiceretur
803 3967 852 4034 illi
863 3971 1077 4036 consuetudo
1088 3969 1210 4052 aulica,
1226 3973 1318 4058 quod
1330 3971 1404 4060 ipse
1415 3985 1554 4060 gereret
1564 3995 1663 4041 suam

432 4081 656 4169 prouinciam,
674 4095 842 4170 occupato
861 4083 1082 4170 prouincialis
1101 4085 1224 4153 officio.
1247 4088 1403 4174 Vterque
1423 4089 1528 4157 dabat
1550 4090 1669 4158 literas

433 4199 477 4264 ad
504 4199 659 4281 Patrem;
688 4198 871 4265 videbatur
898 4198 1114 4267 necessarius
1141 4221 1218 4269 esse
1244 4201 1368 4288 aliquis
1394 4203 1582 4272 interillos
1609 4227 1666 4302 se-
1697 4248 1701 4256 -

434 4323 585 4397 quester,
603 4324 671 4380 etc.

488 4591 497 4622 ¹
534 4585 731 4657 Saccumus,
745 4591 800 4644 loc.
814 4588 884 4660 cit.,
898 4589 949 4644 lib.
964 4603 1006 4660 ιν,
1021 4607 1070 4644 nn.
1086 4603 1112 4659 5,
1127 4591 1154 4646 6.

484 4681 496 4712 ¹
533 4677 608 4745 Ms.,
622 4677 843 4733 Societatarem.
