3666 5384
415 485 451 540 40
835 470 868 524 P.
889 469 1030 526 Nireus
1048 469 1213 524 Beneuen.

410 632 583 707 tamquam
610 619 724 688 socius
745 617 867 709 [meam
887 641 1026 707 operam
1052 617 1247 710 conferam}
1273 617 1434 686 «Etiamsi
1453 617 1632 706 negotium

409 735 615 823 prouisionis
642 736 740 804 breui
773 735 969 825 [expedies],
991 735 997 825 Ι
1016 735 1102 803 dixit
1114 736 1229 818 Pater,
1247 744 1360 801 tamen
1386 733 1632 822 aliquantisper

411 851 565 920 manebis
580 851 616 917 in
632 850 832 937 Hispania.»

477 965 573 1034 Dixit
587 987 656 1033 non
669 987 744 1035 esse
760 985 939 1034 necessum
954 975 993 1032 vt
1008 975 1121 1035 vtercr
1140 987 1208 1054 ego
1224 963 1337 1033 officio
1356 963 1578 1050 commissarij
1595 963 1632 1029 in

412 1080 590 1168 Hispania,
609 1081 689 1166 quia
704 1092 777 1148 erat
792 1081 859 1148 iarn
875 1080 944 1149 illic
958 1081 1220 1148 commissarius:
1238 1101 1338 1167 posse
1350 1089 1463 1147 tamen
1482 1100 1631 1148 mecum

413 1201 454 1264 P.
472 1197 655 1264 Francisco
670 1196 783 1265 omnia
798 1217 914 1284 agere:
937 1218 1036 1283 posse
1055 1216 1119 1263 nos
1139 1197 1310 1265 resoluere
1331 1207 1365 1264 et
1380 1195 1461 1264 dare
1483 1193 1632 1262 auctori-

411 1323 518 1381 tatem
532 1311 662 1399 regulis
673 1323 709 1381 et
724 1312 907 1398 responsis,
925 1332 1014 1398 quae
1029 1333 1096 1400 ego
1111 1312 1272 1380 dederam
1283 1311 1320 1378 in
1331 1309 1509 1397 Hispania,
1526 1320 1561 1376 et
1577 1329 1633 1378 re·

411 1427 548 1496 soluere
559 1415 735 1514 praeterea
746 1449 835 1514 quae
846 1440 1075 1498 occurrerent.
1091 1426 1129 1496 Si
1142 1428 1182 1494 P.
1197 1427 1399 1495 Franciscus
1410 1425 1496 1493 nolit
1506 1426 1634 1495 habere

411 1563 529 1610 curam
545 1541 745 1623 animarum,
760 1541 851 1610 illam
862 1565 979 1611 curam
994 1541 1184 1611 committat
1194 1541 1459 1630 prouincialibus
1470 1552 1507 1609 et
1520 1550 1633 1608 recto-

321 1665 325 1674 “
412 1656 518 1725 ribus.
537 1656 715 1724 Commisit
730 1657 813 1724 mihi
828 1659 872 1727 de
888 1657 1087 1727 fundatione
1102 1659 1160 1726 65
1171 1657 1305 1744 collegij
1319 1655 1561 1726 maioricensis:
1580 1667 1632 1722 ta·

412 1793 493 1842 rnen
508 1761 589 1839 illuc
611 1793 678 1860 ego
702 1793 775 1839 non
794 1771 886 1843 veni.
912 1772 1069 1842 Timebat
1090 1773 1239 1861 optimus
1263 1776 1364 1840 Pater
1387 1773 1533 1840 Paulum
1551 1789 1574 1854 4
1589 1791 1634 1838 ne

411 1890 555 1954 chorum
570 1887 735 1957 indiceret
750 1888 849 1956 nobis
864 1898 899 1956 et
914 1887 1078 1972 habitum,
1093 1889 1209 1973 itaque
1223 1888 1405 1974 diligenter
1416 1887 1634 1956 commenda·

414 2002 465 2068 uit
481 2001 563 2070 mihi
578 2013 613 2070 et
628 2025 689 2090 per
703 2025 759 2072 me
772 2006 812 2071 P.
827 2003 1004 2072 Ludouico
1015 2005 1201 2089 Goncalez,
1215 2002 1425 2090 Hieronymo
1436 2005 1635 2072 Domeneco

413 2128 450 2184 et
464 2117 712 2203 Ribadaneyra,
731 2128 770 2184 ut
785 2141 806 2186 a
821 2117 1029 2205 principibus
1045 2119 1304 2206 impetraremus
1319 2118 1448 2185 litteras
1459 2138 1635 2188 commen-

412 2232 550 2300 datitias
566 2233 747 2302 Societatis
762 2233 806 2302 ad
823 2235 980 2302 Paulum.

482 2350 536 2417 De
556 2347 766 2434 profectione
785 2349 921 2434 Araozij
943 2349 979 2415 in
995 2349 1170 2438 Angliam,
1189 2373 1261 2419 rem
1280 2348 1451 2417 commisit
1467 2352 1508 2416 P.
1527 2351 1636 2417 Fran-

415 2463 519 2530 cisco.
536 2465 662 2550 «Quod
672 2463 702 2530 si
714 2463 845 2551 (inquit)
859 2477 1044 2547 recusaret,
1059 2464 1182 2552 poterit
1193 2464 1242 2531 illi
1255 2466 1295 2532 P.
1310 2463 1514 2532 Franciscus
1526 2464 1635 2552 signi-

415 2579 520 2645 ficare
531 2599 632 2664 quam
644 2577 689 2646 sit
701 2578 827 2666 exigua
838 2579 1043 2648 existimatio
1062 2580 1067 2669 Ι
1088 2583 1216 2649 Romae
1226 2580 1322 2648 illum
1329 2590 1466 2666 propter
1473 2599 1635 2666 praesen-

417 2704 485 2760 tem
506 2693 786 2776 satisfactionem,
803 2694 1111 2778 conuersationem,
1129 2695 1307 2784 negligere
1321 2695 1441 2764 iuuare
1456 2693 1634 2782 collegia.»

416 2807 593 2895 Cogitauit
610 2813 712 2877 Pater
727 2809 824 2877 illurn
839 2811 981 2878 Romam
997 2831 1154 2879 euocare.

482 2922 587 2992 Dedit
606 2922 687 2990 mihi
704 2926 743 2992 P.
763 2923 917 3012 [gnatius
932 2936 1088 3012 patentes
1102 2926 1230 3009 literas,
1252 2926 1377 3011 quibus
1396 2925 1566 2992 scribebat
1581 2945 1637 2993 me

416 3037 554 3123 quidem
571 3061 647 3108 esse
663 3039 790 3106 sactum
810 3039 918 3127 ipsius
936 3039 1114 3125 vicarium,
1136 3041 1198 3110 sed
1218 3039 1307 3108 mitti
1328 3039 1395 3130 [ad]
1411 3039 1476 3108 alia
1498 3038 1637 3127 negotia

416 3151 454 3218 in
479 3153 692 3239 Hispaniam,
720 3165 787 3222 etc.
817 3153 943 3224 Missus
973 3155 1075 3223 simul
1101 3157 1141 3224 P.
1172 3155 1371 3224 Ludouicus
1401 3155 1572 3240 Goncales
1601 3153 1638 3220 in

416 3265 653 3360 [Lusitaniam]
668 3291 747 3336 cum
764 3271 940 3338 Bernardo
954 3270 1130 3357 iaponensi
1145 3282 1181 3341 et
1195 3271 1270 3358 alijs
1285 3273 1329 3339 ad
1349 3286 1387 3355 15
1403 3292 1447 3339 ex
1457 3268 1560 3355 varijs
1575 3290 1639 3336 na·

419 3383 580 3464 tionibus,
599 3405 685 3470 quos
705 3385 961 3472 impediitrauit
980 3409 1000 3454 a
1017 3388 1058 3454 P.
1081 3387 1227 3474 Ignatio:
1251 3409 1320 3454 non
1341 3396 1454 3454 tamen
1474 3383 1638 3454 successit

418 3498 503 3565 illud
518 3499 698 3567 consilium
713 3499 926 3569 esententia.

486 3614 698 3681 Bernardum
712 3614 931 3702 iaponensem
952 3627 1169 3686 conuerterat
1186 3618 1226 3684 P.
1245 3615 1374 3686 Xauier
1385 3614 1421 3681 in
1441 3617 1568 3702 Inpone
1583 3635 1639 3683 se·

417 3729 581 3796 cundum.
601 3730 759 3797 Habebat
771 3730 828 3798 hic
839 3751 1002 3819 magnum
1014 3752 1154 3801 sensum
1164 3731 1403 3818 mysteriorum
1419 3730 1511 3813 fidei,
1528 3728 1640 3798 nomi·

419 3841 525 3910 natim
541 3843 744 3913 sacramenti
760 3845 1004 3928 Eucharistiae,
1019 3846 1258 3934 poenitentiae,
1276 3858 1312 3917 et
1323 3845 1533 3916 auctoritatis
1544 3831 1640 3912 ium·

419 3957 466 4024 mi
481 3957 664 4045 pontificis,

488 4074 670 4158 Quomodo
685 4075 860 4161 respondit
874 4076 1039 4144 cardinali
1054 4078 1332 4166 compostellano,
1350 4089 1417 4148 etc.

487 4187 592 4257 Venit
606 4188 784 4257 nobiscum
800 4191 1007 4262 Florentiam
1026 4214 1135 4281 vsque
1150 4193 1386 4282 Ribadaneyra
1405 4191 1508 4261 animi
1523 4212 1638 4271 causa,

419 4315 556 4372 creatus
572 4314 693 4373 rector.
717 4305 723 4393 Ι
743 4305 953 4376 Florentiam
968 4327 1077 4395 vsque
1093 4309 1191 4398 petijt
1207 4332 1227 4378 a
1244 4332 1299 4380 me
1327 4331 1442 4380 meum
1464 4307 1641 4374 vasculum

420 4417 572 4484 indicum
587 4422 744 4501 cochum,
762 4430 797 4487 et
813 4441 834 4489 a
850 4422 890 4488 P.
909 4423 1062 4510 Goncale
1077 4423 1238 4512 pileolum
1256 4428 1265 4462 ¹
1285 4429 1324 4493 P.
1347 4423 1484 4512 Ignatij,
1501 4433 1568 4490 etc.

427 4577 636 4591 -—-——-v-—

479 4671 487 4702 ¹
525 4667 593 4738 Hs,
604 4670 763 4742 piliolum.
