3604 5380
368 431 404 498 84
792 425 826 479 P.
848 425 989 486 Nireus
1010 409 1174 482 Ernsitsn.

372 579 558 654 Araozium
575 579 619 645 ad
635 578 746 646 aulam
762 578 806 644 de
819 579 922 648 rebus
937 577 1098 646 omnibus
1111 588 1149 644 vt
1165 599 1226 665 pro
1246 595 1301 645 me
1321 597 1459 644 causam
1482 585 1612 664 ageret

373 698 465 784 apud
478 695 708 782 hispalensem
723 704 758 763 et
774 693 934 779 reliquos.
953 695 986 761 Is
1001 714 1107 779 quum
1117 693 1294 778 'rodijsseb
1313 693 1430 762 retulit
1440 715 1512 760 non
1524 713 1610 760 esse

376 811 469 897 quod
494 809 643 897 amplius
658 808 723 878 sim
743 807 896 876 solicitus
915 810 959 878 de
979 806 1176 895 hispalensi:
1202 807 1251 875 illi
1275 830 1351 876 esse
1375 807 1607 876 satisfactum:

379 927 472 1012 quod
501 924 546 992 ad
582 923 830 1004 visitationem,
869 945 971 1012 posse
1000 945 1055 992 me
1083 922 1222 994 visitare
1259 923 1442 994 Castellam
1472 933 1610 991 vtram·

384 1063 463 1128 que,
479 1051 546 1110 etc.
569 1043 590 1108 ¹.

385 1233 389 1243 ¹
447 1156 528 1226 Fuit
542 1154 626 1224 mihi
641 1158 706 1223 hoc
734 1155 883 1224 edictum
910 1153 1191 1242 ingratissimum,
1217 1166 1253 1224 et
1275 1154 1448 1244 mirabar}
1466 1153 1608 1240 quidem

382 1294 451 1339 non
477 1291 578 1358 posse
589 1269 775 1339 Araozium
791 1271 889 1357 plura
915 1270 1092 1356 consequi,
1116 1269 1177 1356 qui
1197 1281 1331 1337 tantum
1358 1271 1488 1338 valeret
1513 1269 1611 1356 apud

384 1387 589 1472 Rodericum
604 1395 640 1456 et
660 1406 777 1472 regem
798 1397 834 1454 et
855 1385 966 1474 gratia
986 1395 1022 1453 et
1043 1387 1257 1454 auctoritate.
1280 1387 1382 1452 Eram
1404 1395 1518 1454 tamen
1538 1393 1613 1450 tam

385 1503 475 1570 laeto
490 1499 604 1568 animo
630 1522 670 1567 ac
697 1501 896 1583 confidenti,
914 1522 1016 1587 quam
1042 1523 1229 1586 numquam
1245 1511 1348 1571 antea
1374 1501 1410 1569 in
1436 1499 1614 1570 Societate

386 1615 522 1686 memini
539 1638 593 1684 me
613 1615 731 1699 fuisse
750 1638 839 1702 quae
851 1617 1008 1687 alacritas
1021 1617 1102 1686 fecit
1113 1627 1151 1683 vt
1162 1614 1266 1702 aliqui
1282 1615 1537 1704 suspicarentur
1552 1635 1613 1682 me

389 1754 432 1801 eo
442 1730 555 1799 animo
565 1752 654 1813 esse,
669 1733 761 1816 quod
773 1753 842 1799 non
854 1734 1027 1801 crederem
1038 1754 1121 1801 vera
1135 1751 1223 1812 esse,
1236 1753 1325 1817 quae
1336 1741 1533 1819 agerentur,
1546 1731 1613 1798 sed

389 1849 512 1930 efficta3
533 1847 626 1932 quod
641 1868 708 1934 ego
723 1847 910 1915 monstraui
921 1869 1022 1916 secus
1037 1867 1227 1932 essequam
1242 1849 1431 1915 crederent:
1455 1868 1510 1914 me
1520 1844 1613 1913 scire

390 1963 447 2048 illa
463 1984 544 2029 ver-a
557 1959 670 2051 [esse],
688 1971 723 2030 et
738 1972 775 2029 vt
791 1961 881 2031 veris
894 1985 1084 2032 occurrere.

458 2077 619 2146 Videram
635 2077 721 2146 1⁰8
741 2077 890 2146 animum
911 2079 923 2112 ¹
945 2077 1083 2164 Araozij
1105 2101 1189 2166 erga
1203 2081 1250 2166 ΙΡ.
1269 2079 1463 2166 generalem
1485 2089 1521 2145 et
1542 2080 1610 2144 Po·-

394 2195 529 2260 lancum
554 2214 632 2264 esse
656 2195 909 2275 exacerbatum,
935 2196 1022 2262 adeo
1047 2205 1086 2261 vt
1108 2215 1283 2264 censerem
1305 2193 1546 2275 necessarium,
1573 2203 1617 2258 vt

394 2319 530 2376 narrata
549 2331 631 2376 vera
657 2308 770 2395 aliqua
789 2308 990 2389 offensione,
1013 2330 1114 2394 quam
1134 2331 1203 2397 ego
1225 2332 1269 2378 ex
1288 2308 1354 2376 illis
1377 2329 1615 2396 conceperam,

394 2444 548 2491 curarem
564 2446 643 2493 eum
659 2445 746 2492 ame
760 2445 828 2492 non
845 2423 1041 2504 obalienari,
1060 2425 1152 2511 quod
1165 2424 1307 2494 videbar
1321 2435 1537 2492 consecutus:
1550 2443 1619 2489 vo-

400 2537 463 2605 luit
478 2550 572 2609 certe
591 2561 647 2608 me
662 2539 840 2620 demereri,
863 2541 956 2625 quod
971 2539 1173 2626 suffragium
1189 2539 1272 2605 mihi
1291 2539 1452 2620 dedisset,
1470 2543 1621 2626 (contra—

393 2654 486 2730 rium
501 2664 615 2724 tamen
635 2676 703 2742 ego
724 2664 842 2740 postea
861 2652 978 2721 audiui
997 2676 1018 2721 a
1039 2656 1079 2726 P.
1099 2653 1226 2740 Layne)
1245 2653 1338 2739 quod
1358 2653 1440 2720 mihi
1462 2653 1616 2720 fauisset.

464 2771 633 2838 Notabam
649 2781 763 2840 tamen
779 2767 892 2837 omnia
906 2769 942 2835 in
958 2769 1142 2855 ephemeri,
1159 2790 1247 2855 quae
1261 2768 1296 2836 in
1313 2769 1386 2856 ipso
1401 2767 1484 2835 mihi
1499 2767 1619 2853 displi—

400 2886 535 2965 cebant,
553 2884 642 2953 inter
657 2907 744 2970 quae
760 2883 843 2950 illud
860 2883 936 2966 suit,
955 2887 1048 2970 quod
1066 2884 1074 2974 Ι
1093 2885 1229 2952 adhuc⁸
1245 2883 1415 2954 retinebat
1425 2881 1617 2970 persuasio-

401 3020 480 3066 nem
494 3019 565 3065 non
579 3021 656 3070 esse
672 3003 712 3067 P.
731 3001 883 3086 Laynem
898 3001 1106 3087 generalem,
1123 2999 1407 3086 elapso‘triennio.
1421 2999 1508 3067 lllud
1519 3019 1620 3085 prae-

401 3124 505 3194 terea,
523 3115 616 3199 quod
629 3113 803 3183 videretur
813 3115 1110 3183 commoditatibus
1121 3114 1220 3202 regni
1234 3115 1385 3185 externis
1401 3112 1532 3182 moueri
1546 3134 1623 3178 ma-

395 3228 468 3342 3gis,
486 3227 597 3316 magis
605 3227 679 3315 ,illjs
696 3231 822 3311 fauere,
841 3251 943 3316 quam
963 3229 1145 3299 Societatis
1159 3230 1315 3299 instituto
1335 3241 1370 3300 et
1390 3233 1430 3298 P.
1453 3227 1625 3317 generalis

404 3343 630 3415 obedientiae.

470 3461 588 3546 Quum
603 3463 690 3530 haec
705 3460 752 3528 ita
771 3475 898 3543 essent,
923 3461 1027 3530 statui
1047 3473 1236 3532 extremum
1254 3461 1443 3532 remedium
1463 3459 1624 3529 adhibere

404 3575 485 3642 huic
500 3577 601 3656 ma10,
619 3575 655 3642 id
670 3587 734 3660 est,
752 3576 800 3644 ita
815 3598 938 3664 vrgere
954 3577 1137 3644 Araozium
1149 3576 1283 3660 acriter,
1297 3588 1335 3644 vt
1346 3576 1551 3644 dificultates
1562 3595 1624 3642 ex-

406 3689 548 3776 pediret,
565 3691 622 3758 vel
638 3693 737 3778 plane
755 3713 795 3760 se
815 3691 962 3778 aperiret
982 3693 1008 3777 ⁴,
1030 3703 1068 3759 vt
1089 3692 1210 3762 scirem
1231 3712 1301 3778 quo
1321 3693 1398 3760 loco
1420 3701 1511 3762 esset
1533 3691 1624 3778 apud

406 3816 510 3874 meet
525 3805 733 3877 Societatem
749 3808 895 3874 futurus.
919 3809 998 3875 Hoc
1016 3829 1122 3893 quum
1142 3807 1449 3895 aggretuttderer,
1470 3828 1536 3874 nec
1554 3807 1625 3894 pla·

405 3931 523 3990 cerent
538 3943 627 4010 quae
641 3914 873 4010 responderet,
891 3923 1027 3990 admota
1041 3921 1141 4010 graui
1156 3926 1301 4009 quadam
1317 3923 1551 4010 impressione,
1564 3923 1626 3990 de-

407 4037 491 4123 stitj,
508 4037 594 4105 nihil
605 4037 749 4126 amplius
761 4038 1051 4131 expectansillum
1067 4059 1205 4122 causam
1225 4060 1300 4108 esse
1320 4050 1470 4108 nostram
1490 4037 1633 4106 adiutu-

412 4241 440 4250 ο
452 4241 607 4252 -ο--ι--ι
646 4237 647 4242 ’

466 4371 473 4402 ·
512 4347 959 4439 siccamus,ro‘c.ett.,'n.42ss
1064 4348 1066 4358 '

463 4461 474 4490 ²
511 4458 546 4512 ln
559 4473 614 4512 ms.
628 4457 685 4512 hoc
697 4459 821 4514 verbum
834 4456 983 4514 iteratum.

463 4547 474 4578 ³
510 4546 763 4617 Ms.,adud}tuc.

423 4633 431 4646 '
462 4636 474 4668 ⁴
510 4635 742 4707 Ms.,aperitur.
