<?xml version="1.0" encoding="UTF-8"?>
<!DOCTYPE html PUBLIC "-//W3C//DTD XHTML 1.0 Transitional//EN"
    "http://www.w3.org/TR/xhtml1/DTD/xhtml1-transitional.dtd">
<html xmlns="http://www.w3.org/1999/xhtml" xml:lang="en" lang="en">
 <head>
  <title>
</title>
<meta http-equiv="Content-Type" content="text/html;charset=utf-8" />
  <meta name='ocr-system' content='tesseract 3.04.00' />
  <meta name='ocr-capabilities' content='ocr_page ocr_carea ocr_par ocr_line ocrx_word'/>
</head>
<body>
  <div class='ocr_page' id='page_1' title='image "./epistolaephiero00nadagoog_0013.png"; bbox 0 0 3666 5384; ppageno 0'>
   <div class='ocr_carea' id='block_1_1' title="bbox 283 430 1161 486">
    <p class='ocr_par' dir='ltr' id='par_1_1' title="bbox 283 430 1161 486">
     <span class='ocr_line' id='line_1_1' title="bbox 283 430 1161 486; baseline -0.003 0"><span class='ocrx_word' id='word_1_1' title='bbox 283 445 314 486; x_wconf 89' lang='lat' dir='ltr'>vr</span> <span class='ocrx_word' id='word_1_2' title='bbox 623 430 813 486; x_wconf 81' lang='lat' dir='ltr'>Pnooeuruu</span> <span class='ocrx_word' id='word_1_3' title='bbox 832 439 970 485; x_wconf 77' lang='lat' dir='ltr'>saeuum</span> <span class='ocrx_word' id='word_1_4' title='bbox 989 440 1161 486; x_wconf 78' lang='lat' dir='ltr'>vouuunus</span> 
     </span>
    </p>
   </div>
   <div class='ocr_carea' id='block_1_2' title="bbox 282 539 1507 670">
    <p class='ocr_par' dir='ltr' id='par_1_2' title="bbox 282 539 1507 670">
     <span class='ocr_line' id='line_1_2' title="bbox 282 539 1507 670; baseline -0.003 -20"><span class='ocrx_word' id='word_1_5' title='bbox 282 583 410 650; x_wconf 89' lang='lat' dir='ltr'>Rornae</span> <span class='ocrx_word' id='word_1_6' title='bbox 426 591 505 651; x_wconf 89' lang='lat' dir='ltr'>ante</span> <span class='ocrx_word' id='word_1_7' title='bbox 517 581 660 669; x_wconf 90' lang='lat' dir='ltr'>primam</span> <span class='ocrx_word' id='word_1_8' title='bbox 672 539 866 670; x_wconf 65' lang='lat' dir='ltr'>gederalem</span> <span class='ocrx_word' id='word_1_9' title='bbox 879 581 1183 668; x_wconf 84' lang='lat' dir='ltr'>congregationem</span> <span class='ocrx_word' id='word_1_10' title='bbox 1196 577 1334 661; x_wconf 87' lang='lat' dir='ltr'>exortis,</span> <span class='ocrx_word' id='word_1_11' title='bbox 1349 580 1393 649; x_wconf 94' lang='lat' dir='ltr'>de</span> <span class='ocrx_word' id='word_1_12' title='bbox 1405 579 1507 647; x_wconf 91' lang='lat' dir='ltr'>tertia</span> 
     </span>
    </p>
   </div>
   <div class='ocr_carea' id='block_1_3' title="bbox 279 693 1568 2632">
    <p class='ocr_par' dir='ltr' id='par_1_3' title="bbox 279 693 1545 1708">
     <span class='ocr_line' id='line_1_3' title="bbox 281 693 1506 786; baseline -0.002 -20"><span class='ocrx_word' id='word_1_13' title='bbox 281 696 412 766; x_wconf 88' lang='lat' dir='ltr'>Natalis</span> <span class='ocrx_word' id='word_1_14' title='bbox 428 697 471 764; x_wconf 93' lang='lat' dir='ltr'>ad</span> <span class='ocrx_word' id='word_1_15' title='bbox 484 696 667 786; x_wconf 85' lang='lat' dir='ltr'>Hispanias</span> <span class='ocrx_word' id='word_1_16' title='bbox 678 697 839 767; x_wconf 89' lang='lat' dir='ltr'>missione</span> <span class='ocrx_word' id='word_1_17' title='bbox 851 699 915 764; x_wconf 90' lang='lat' dir='ltr'>sub</span> <span class='ocrx_word' id='word_1_18' title='bbox 928 700 969 764; x_wconf 88' lang='lat' dir='ltr'>P.</span> <span class='ocrx_word' id='word_1_19' title='bbox 986 696 1123 776; x_wconf 90' lang='lat' dir='ltr'>Lainez,</span> <span class='ocrx_word' id='word_1_20' title='bbox 1138 696 1181 762; x_wconf 90' lang='lat' dir='ltr'>de</span> <span class='ocrx_word' id='word_1_21' title='bbox 1193 694 1352 782; x_wconf 91' lang='lat' dir='ltr'>procellis</span> <span class='ocrx_word' id='word_1_22' title='bbox 1364 693 1399 761; x_wconf 92' lang='lat' dir='ltr'>in</span> <span class='ocrx_word' id='word_1_23' title='bbox 1411 695 1506 763; x_wconf 88' lang='lat' dir='ltr'>curia</span> 
     </span>
     <span class='ocr_line' id='line_1_4' title="bbox 280 809 1506 900; baseline -0.001 -22"><span class='ocrx_word' id='word_1_24' title='bbox 280 811 373 899; x_wconf 87' lang='lat' dir='ltr'>regis</span> <span class='ocrx_word' id='word_1_25' title='bbox 389 811 536 898; x_wconf 90' lang='lat' dir='ltr'>Philippi</span> <span class='ocrx_word' id='word_1_26' title='bbox 551 823 671 880; x_wconf 89' lang='lat' dir='ltr'>contra</span> <span class='ocrx_word' id='word_1_27' title='bbox 688 813 849 900; x_wconf 89' lang='lat' dir='ltr'>Borgiam</span> <span class='ocrx_word' id='word_1_28' title='bbox 866 823 901 881; x_wconf 92' lang='lat' dir='ltr'>et</span> <span class='ocrx_word' id='word_1_29' title='bbox 916 812 1071 880; x_wconf 83' lang='lat' dir='ltr'>Natalem</span> <span class='ocrx_word' id='word_1_30' title='bbox 1083 809 1252 894; x_wconf 80' lang='lat' dir='ltr'>excitatiS,</span> <span class='ocrx_word' id='word_1_31' title='bbox 1265 810 1377 896; x_wconf 90' lang='lat' dir='ltr'>deque</span> <span class='ocrx_word' id='word_1_32' title='bbox 1388 809 1506 877; x_wconf 86' lang='lat' dir='ltr'>multis</span> 
     </span>
     <span class='ocr_line' id='line_1_5' title="bbox 280 923 1502 1020; baseline 0 -26"><span class='ocrx_word' id='word_1_33' title='bbox 280 926 366 1007; x_wconf 91' lang='lat' dir='ltr'>aliis,</span> <span class='ocrx_word' id='word_1_34' title='bbox 385 927 584 1020; x_wconf 88' lang='lat' dir='ltr'>utquisque</span> <span class='ocrx_word' id='word_1_35' title='bbox 600 949 660 1016; x_wconf 88' lang='lat' dir='ltr'>per</span> <span class='ocrx_word' id='word_1_36' title='bbox 679 927 900 1015; x_wconf 89' lang='lat' dir='ltr'>semetipsum</span> <span class='ocrx_word' id='word_1_37' title='bbox 920 926 1106 1014; x_wconf 91' lang='lat' dir='ltr'>comperire</span> <span class='ocrx_word' id='word_1_38' title='bbox 1128 926 1226 994; x_wconf 90' lang='lat' dir='ltr'>facile</span> <span class='ocrx_word' id='word_1_39' title='bbox 1246 923 1381 1012; x_wconf 90' lang='lat' dir='ltr'>poterit,</span> <span class='ocrx_word' id='word_1_40' title='bbox 1404 923 1433 992; x_wconf 93' lang='lat' dir='ltr'>si</span> <span class='ocrx_word' id='word_1_41' title='bbox 1449 948 1502 1006; x_wconf 89' lang='lat' dir='ltr'>ea,</span> 
     </span>
     <span class='ocr_line' id='line_1_6' title="bbox 280 1039 1505 1128; baseline -0.002 -19"><span class='ocrx_word' id='word_1_42' title='bbox 280 1063 368 1128; x_wconf 93' lang='lat' dir='ltr'>quae</span> <span class='ocrx_word' id='word_1_43' title='bbox 383 1041 533 1110; x_wconf 86' lang='lat' dir='ltr'>limatius</span> <span class='ocrx_word' id='word_1_44' title='bbox 548 1053 584 1111; x_wconf 94' lang='lat' dir='ltr'>et</span> <span class='ocrx_word' id='word_1_45' title='bbox 598 1043 717 1112; x_wconf 90' lang='lat' dir='ltr'>ordine</span> <span class='ocrx_word' id='word_1_46' title='bbox 733 1043 904 1112; x_wconf 89' lang='lat' dir='ltr'>interdum</span> <span class='ocrx_word' id='word_1_47' title='bbox 921 1053 1052 1110; x_wconf 90' lang='lat' dir='ltr'>mutato</span> <span class='ocrx_word' id='word_1_48' title='bbox 1068 1040 1187 1109; x_wconf 85' lang='lat' dir='ltr'>scribit</span> <span class='ocrx_word' id='word_1_49' title='bbox 1207 1039 1408 1122; x_wconf 89' lang='lat' dir='ltr'>Sacchinus,</span> <span class='ocrx_word' id='word_1_50' title='bbox 1426 1061 1505 1108; x_wconf 91' lang='lat' dir='ltr'>cum</span> 
     </span>
     <span class='ocr_line' id='line_1_7' title="bbox 279 1155 1545 1246; baseline -0.004 -23"><span class='ocrx_word' id='word_1_51' title='bbox 279 1157 361 1245; x_wconf 91' lang='lat' dir='ltr'>ipsis</span> <span class='ocrx_word' id='word_1_52' title='bbox 377 1158 661 1244; x_wconf 81' lang='lat' dir='ltr'>Ephemaridibus</span> <span class='ocrx_word' id='word_1_53' title='bbox 677 1159 916 1246; x_wconf 87' lang='lat' dir='ltr'>composuerit.</span> <span class='ocrx_word' id='word_1_54' title='bbox 936 1159 1040 1244; x_wconf 85' lang='lat' dir='ltr'>Quod</span> <span class='ocrx_word' id='word_1_55' title='bbox 1056 1169 1095 1224; x_wconf 92' lang='lat' dir='ltr'>ut</span> <span class='ocrx_word' id='word_1_56' title='bbox 1115 1155 1326 1225; x_wconf 87' lang='lat' dir='ltr'>commodius</span> <span class='ocrx_word' id='word_1_57' title='bbox 1341 1155 1506 1242; x_wconf 87' lang='lat' dir='ltr'>praestari</span> <span class='ocrx_word' id='word_1_58' title='bbox 1543 1201 1545 1218; x_wconf 89' lang='lat'>.</span> 
     </span>
     <span class='ocr_line' id='line_1_8' title="bbox 280 1270 1504 1360; baseline 0.001 -23"><span class='ocrx_word' id='word_1_59' title='bbox 280 1273 403 1354; x_wconf 88' lang='lat' dir='ltr'>valeat,</span> <span class='ocrx_word' id='word_1_60' title='bbox 422 1274 497 1341; x_wconf 92' lang='lat' dir='ltr'>loca</span> <span class='ocrx_word' id='word_1_61' title='bbox 518 1274 690 1344; x_wconf 87' lang='lat' dir='ltr'>Historiae</span> <span class='ocrx_word' id='word_1_62' title='bbox 709 1273 903 1356; x_wconf 76' lang='lat' dir='ltr'>societatis,</span> <span class='ocrx_word' id='word_1_63' title='bbox 926 1295 1014 1360; x_wconf 90' lang='lat' dir='ltr'>quae</span> <span class='ocrx_word' id='word_1_64' title='bbox 1033 1295 1076 1342; x_wconf 85' lang='lat' dir='ltr'>ex</span> <span class='ocrx_word' id='word_1_65' title='bbox 1096 1277 1218 1340; x_wconf 90' lang='lat' dir='ltr'>horum</span> <span class='ocrx_word' id='word_1_66' title='bbox 1239 1270 1504 1338; x_wconf 89' lang='lat' dir='ltr'>commentario-</span> 
     </span>
     <span class='ocr_line' id='line_1_9' title="bbox 280 1385 1504 1477; baseline -0.003 -21"><span class='ocrx_word' id='word_1_67' title='bbox 280 1409 356 1456; x_wconf 92' lang='lat' dir='ltr'>rum</span> <span class='ocrx_word' id='word_1_68' title='bbox 373 1391 467 1458; x_wconf 91' lang='lat' dir='ltr'>fonte</span> <span class='ocrx_word' id='word_1_69' title='bbox 483 1389 683 1477; x_wconf 90' lang='lat' dir='ltr'>deprompta</span> <span class='ocrx_word' id='word_1_70' title='bbox 697 1388 870 1472; x_wconf 92' lang='lat' dir='ltr'>videntur,</span> <span class='ocrx_word' id='word_1_71' title='bbox 888 1389 924 1456; x_wconf 91' lang='lat' dir='ltr'>in</span> <span class='ocrx_word' id='word_1_72' title='bbox 944 1388 1223 1458; x_wconf 86' lang='lat' dir='ltr'>annotationibus</span> <span class='ocrx_word' id='word_1_73' title='bbox 1238 1385 1364 1454; x_wconf 91' lang='lat' dir='ltr'>nostris</span> <span class='ocrx_word' id='word_1_74' title='bbox 1379 1408 1504 1474; x_wconf 91' lang='lat' dir='ltr'>oppor-</span> 
     </span>
     <span class='ocr_line' id='line_1_10' title="bbox 282 1503 1505 1592; baseline -0.002 -21"><span class='ocrx_word' id='word_1_75' title='bbox 282 1516 364 1573; x_wconf 89' lang='lat' dir='ltr'>tune</span> <span class='ocrx_word' id='word_1_76' title='bbox 380 1504 618 1588; x_wconf 83' lang='lat' dir='ltr'>indicabimus3</span> <span class='ocrx_word' id='word_1_77' title='bbox 635 1507 725 1573; x_wconf 93' lang='lat' dir='ltr'>unde</span> <span class='ocrx_word' id='word_1_78' title='bbox 741 1505 843 1573; x_wconf 90' lang='lat' dir='ltr'>etiam</span> <span class='ocrx_word' id='word_1_79' title='bbox 859 1505 992 1573; x_wconf 79' lang='lat' dir='ltr'>facilius</span> <span class='ocrx_word' id='word_1_80' title='bbox 1013 1505 1225 1592; x_wconf 86' lang='lat' dir='ltr'>apparebunt</span> <span class='ocrx_word' id='word_1_81' title='bbox 1244 1525 1297 1584; x_wconf 89' lang='lat' dir='ltr'>ea,</span> <span class='ocrx_word' id='word_1_82' title='bbox 1315 1523 1403 1589; x_wconf 86' lang='lat' dir='ltr'>quae</span> <span class='ocrx_word' id='word_1_83' title='bbox 1419 1503 1505 1572; x_wconf 90' lang='lat' dir='ltr'>Sac-</span> 
     </span>
     <span class='ocr_line' id='line_1_11' title="bbox 280 1619 1116 1708; baseline 0 -20"><span class='ocrx_word' id='word_1_84' title='bbox 280 1620 404 1688; x_wconf 92' lang='lat' dir='ltr'>chinus</span> <span class='ocrx_word' id='word_1_85' title='bbox 421 1621 545 1688; x_wconf 89' lang='lat' dir='ltr'>futuris</span> <span class='ocrx_word' id='word_1_86' title='bbox 559 1619 782 1708; x_wconf 88' lang='lat' dir='ltr'>scriptoribus</span> <span class='ocrx_word' id='word_1_87' title='bbox 797 1622 955 1690; x_wconf 87' lang='lat' dir='ltr'>metenda</span> <span class='ocrx_word' id='word_1_88' title='bbox 970 1621 1116 1706; x_wconf 89' lang='lat' dir='ltr'>reliquit.</span> 
     </span>
    </p>

    <p class='ocr_par' dir='ltr' id='par_1_4' title="bbox 280 1736 1568 2632">
     <span class='ocr_line' id='line_1_12' title="bbox 349 1736 1501 1825; baseline -0.002 -21"><span class='ocrx_word' id='word_1_89' title='bbox 349 1739 456 1804; x_wconf 88' lang='lat' dir='ltr'>Porro</span> <span class='ocrx_word' id='word_1_90' title='bbox 476 1736 550 1824; x_wconf 92' lang='lat' dir='ltr'>ipse</span> <span class='ocrx_word' id='word_1_91' title='bbox 570 1737 760 1806; x_wconf 92' lang='lat' dir='ltr'>Sacchinus</span> <span class='ocrx_word' id='word_1_92' title='bbox 784 1738 828 1806; x_wconf 90' lang='lat' dir='ltr'>de</span> <span class='ocrx_word' id='word_1_93' title='bbox 853 1737 947 1806; x_wconf 91' lang='lat' dir='ltr'>hisce</span> <span class='ocrx_word' id='word_1_94' title='bbox 972 1737 1273 1825; x_wconf 81' lang='lat' dir='ltr'>Eplzemeridibus,</span> <span class='ocrx_word' id='word_1_95' title='bbox 1293 1744 1428 1823; x_wconf 89' lang='lat' dir='ltr'>praeter</span> <span class='ocrx_word' id='word_1_96' title='bbox 1448 1755 1501 1813; x_wconf 88' lang='lat' dir='ltr'>ea,</span> 
     </span>
     <span class='ocr_line' id='line_1_13' title="bbox 281 1838 1568 1940; baseline -0.002 -22"><span class='ocrx_word' id='word_1_97' title='bbox 281 1873 368 1938; x_wconf 89' lang='lat' dir='ltr'>quae</span> <span class='ocrx_word' id='word_1_98' title='bbox 385 1851 589 1940; x_wconf 83' lang='lat' dir='ltr'>generaliter</span> <span class='ocrx_word' id='word_1_99' title='bbox 604 1853 647 1922; x_wconf 94' lang='lat' dir='ltr'>de</span> <span class='ocrx_word' id='word_1_100' title='bbox 658 1853 817 1921; x_wconf 92' lang='lat' dir='ltr'>omnibus</span> <span class='ocrx_word' id='word_1_101' title='bbox 830 1852 960 1922; x_wconf 89' lang='lat' dir='ltr'>Natalis</span> <span class='ocrx_word' id='word_1_102' title='bbox 971 1851 1222 1921; x_wconf 90' lang='lat' dir='ltr'>commentariis</span> <span class='ocrx_word' id='word_1_103' title='bbox 1234 1850 1380 1936; x_wconf 83' lang='lat' dir='ltr'>scripsit,</span> <span class='ocrx_word' id='word_1_104' title='bbox 1394 1859 1429 1916; x_wconf 95' lang='lat' dir='ltr'>et</span> <span class='ocrx_word' id='word_1_105' title='bbox 1441 1871 1505 1916; x_wconf 90' lang='lat' dir='ltr'>nos</span> <span class='ocrx_word' id='word_1_106' title='bbox 1565 1838 1568 1843; x_wconf 59' lang='grc'><strong>’</strong></span> 
     </span>
     <span class='ocr_line' id='line_1_14' title="bbox 281 1963 1502 2057; baseline -0.002 -23"><span class='ocrx_word' id='word_1_107' title='bbox 281 1967 504 2054; x_wconf 88' lang='lat' dir='ltr'>allegavimus</span> <span class='ocrx_word' id='word_1_108' title='bbox 520 1967 555 2035; x_wconf 94' lang='lat' dir='ltr'>in</span> <span class='ocrx_word' id='word_1_109' title='bbox 577 1978 668 2035; x_wconf 92' lang='lat' dir='ltr'>tomo</span> <span class='ocrx_word' id='word_1_110' title='bbox 690 1970 716 2050; x_wconf 91' lang='lat' dir='ltr'>I,</span> <span class='ocrx_word' id='word_1_111' title='bbox 738 1991 818 2057; x_wconf 88' lang='lat' dir='ltr'>pag.</span> <span class='ocrx_word' id='word_1_112' title='bbox 843 1989 908 2049; x_wconf 87' lang='lat' dir='ltr'>xn,</span> <span class='ocrx_word' id='word_1_113' title='bbox 927 1972 1015 2036; x_wconf 92' lang='lat' dir='ltr'>hanc</span> <span class='ocrx_word' id='word_1_114' title='bbox 1038 1967 1137 2035; x_wconf 91' lang='lat' dir='ltr'>nobis</span> <span class='ocrx_word' id='word_1_115' title='bbox 1156 1968 1292 2035; x_wconf 84' lang='lat' dir='ltr'>laudem</span> <span class='ocrx_word' id='word_1_116' title='bbox 1307 1964 1343 2032; x_wconf 92' lang='lat' dir='ltr'>in</span> <span class='ocrx_word' id='word_1_117' title='bbox 1358 1986 1421 2032; x_wconf 91' lang='lat' dir='ltr'>sua</span> <span class='ocrx_word' id='word_1_118' title='bbox 1436 1963 1502 2032; x_wconf 88' lang='lat' dir='ltr'>Hi-</span> 
     </span>
     <span class='ocr_line' id='line_1_15' title="bbox 281 2080 1502 2170; baseline -0.002 -21"><span class='ocrx_word' id='word_1_119' title='bbox 281 2082 385 2151; x_wconf 88' lang='lat' dir='ltr'>storia</span> <span class='ocrx_word' id='word_1_120' title='bbox 396 2082 593 2151; x_wconf 89' lang='lat' dir='ltr'>transmisit:</span> <span class='ocrx_word' id='word_1_121' title='bbox 606 2083 763 2170; x_wconf 80' lang='lat' dir='ltr'>‹rquibus,</span> <span class='ocrx_word' id='word_1_122' title='bbox 773 2083 896 2170; x_wconf 90' lang='lat' dir='ltr'>inquit,</span> <span class='ocrx_word' id='word_1_123' title='bbox 906 2084 998 2151; x_wconf 90' lang='lat' dir='ltr'>haud</span> <span class='ocrx_word' id='word_1_124' title='bbox 1007 2083 1106 2152; x_wconf 88' lang='lat' dir='ltr'>facile</span> <span class='ocrx_word' id='word_1_125' title='bbox 1116 2082 1300 2169; x_wconf 91' lang='lat' dir='ltr'>quidquam</span> <span class='ocrx_word' id='word_1_126' title='bbox 1310 2080 1412 2148; x_wconf 88' lang='lat' dir='ltr'>scribi</span> <span class='ocrx_word' id='word_1_127' title='bbox 1419 2100 1502 2148; x_wconf 90' lang='lat' dir='ltr'>can-</span> 
     </span>
     <span class='ocr_line' id='line_1_16' title="bbox 281 2196 1502 2286; baseline -0.003 -21"><span class='ocrx_word' id='word_1_128' title='bbox 281 2196 393 2266; x_wconf 91' lang='lat' dir='ltr'>didius</span> <span class='ocrx_word' id='word_1_129' title='bbox 409 2209 522 2284; x_wconf 89' lang='lat' dir='ltr'>potest</span> <span class='ocrx_word' id='word_1_130' title='bbox 540 2201 584 2264; x_wconf 84' lang='lat'>¹.»</span> <span class='ocrx_word' id='word_1_131' title='bbox 604 2201 647 2266; x_wconf 91' lang='lat' dir='ltr'>Et</span> <span class='ocrx_word' id='word_1_132' title='bbox 663 2221 699 2267; x_wconf 92' lang='lat' dir='ltr'>re</span> <span class='ocrx_word' id='word_1_133' title='bbox 716 2199 853 2286; x_wconf 92' lang='lat' dir='ltr'>quidem</span> <span class='ocrx_word' id='word_1_134' title='bbox 870 2221 950 2267; x_wconf 89' lang='lat' dir='ltr'>vera</span> <span class='ocrx_word' id='word_1_135' title='bbox 967 2199 1173 2285; x_wconf 87' lang='lat' dir='ltr'>quicumque</span> <span class='ocrx_word' id='word_1_136' title='bbox 1194 2202 1278 2266; x_wconf 90' lang='lat' dir='ltr'>haec</span> <span class='ocrx_word' id='word_1_137' title='bbox 1289 2206 1502 2265; x_wconf 91' lang='lat' dir='ltr'>commenta-</span> 
     </span>
     <span class='ocr_line' id='line_1_17' title="bbox 281 2311 1502 2400; baseline -0.001 -21"><span class='ocrx_word' id='word_1_138' title='bbox 281 2312 331 2379; x_wconf 88' lang='lat' dir='ltr'>ria</span> <span class='ocrx_word' id='word_1_139' title='bbox 346 2313 512 2400; x_wconf 87' lang='lat' dir='ltr'>perlegat,</span> <span class='ocrx_word' id='word_1_140' title='bbox 527 2316 615 2381; x_wconf 89' lang='lat' dir='ltr'>hanc</span> <span class='ocrx_word' id='word_1_141' title='bbox 627 2314 741 2381; x_wconf 91' lang='lat' dir='ltr'>Natali</span> <span class='ocrx_word' id='word_1_142' title='bbox 753 2314 888 2384; x_wconf 86' lang='lat' dir='ltr'>laudem</span> <span class='ocrx_word' id='word_1_143' title='bbox 901 2315 1092 2384; x_wconf 84' lang='lat' dir='ltr'>detrectare</span> <span class='ocrx_word' id='word_1_144' title='bbox 1107 2313 1244 2380; x_wconf 91' lang='lat' dir='ltr'>minime</span> <span class='ocrx_word' id='word_1_145' title='bbox 1260 2311 1396 2399; x_wconf 90' lang='lat' dir='ltr'>poterit,</span> <span class='ocrx_word' id='word_1_146' title='bbox 1410 2312 1502 2396; x_wconf 90' lang='lat' dir='ltr'>quod</span> 
     </span>
     <span class='ocr_line' id='line_1_18' title="bbox 280 2427 1502 2514; baseline 0 -20"><span class='ocrx_word' id='word_1_147' title='bbox 280 2448 403 2514; x_wconf 90' lang='lat' dir='ltr'>nempe</span> <span class='ocrx_word' id='word_1_148' title='bbox 419 2438 498 2496; x_wconf 91' lang='lat' dir='ltr'>ante</span> <span class='ocrx_word' id='word_1_149' title='bbox 512 2427 627 2496; x_wconf 88' lang='lat' dir='ltr'>omnia</span> <span class='ocrx_word' id='word_1_150' title='bbox 641 2428 819 2499; x_wconf 89' lang='lat' dir='ltr'>veritatem</span> <span class='ocrx_word' id='word_1_151' title='bbox 835 2440 1064 2510; x_wconf 91' lang='lat' dir='ltr'>consectetur,</span> <span class='ocrx_word' id='word_1_152' title='bbox 1079 2449 1223 2514; x_wconf 86' lang='lat' dir='ltr'>eamque</span> <span class='ocrx_word' id='word_1_153' title='bbox 1235 2430 1374 2509; x_wconf 86' lang='lat' dir='ltr'>nudam,</span> <span class='ocrx_word' id='word_1_154' title='bbox 1389 2427 1502 2494; x_wconf 92' lang='lat' dir='ltr'>nullo-</span> 
     </span>
     <span class='ocr_line' id='line_1_19' title="bbox 281 2541 1502 2632; baseline -0.002 -22"><span class='ocrx_word' id='word_1_155' title='bbox 281 2565 349 2628; x_wconf 91' lang='lat' dir='ltr'>que</span> <span class='ocrx_word' id='word_1_156' title='bbox 363 2544 546 2632; x_wconf 86' lang='lat' dir='ltr'>verborum</span> <span class='ocrx_word' id='word_1_157' title='bbox 563 2545 642 2611; x_wconf 91' lang='lat' dir='ltr'>fuco</span> <span class='ocrx_word' id='word_1_158' title='bbox 658 2544 800 2628; x_wconf 91' lang='lat' dir='ltr'>linitam,</span> <span class='ocrx_word' id='word_1_159' title='bbox 823 2545 1013 2632; x_wconf 87' lang='lat' dir='ltr'>exprimere</span> <span class='ocrx_word' id='word_1_160' title='bbox 1028 2543 1210 2626; x_wconf 85' lang='lat' dir='ltr'>curaverit,</span> <span class='ocrx_word' id='word_1_161' title='bbox 1229 2565 1300 2611; x_wconf 92' lang='lat' dir='ltr'>non</span> <span class='ocrx_word' id='word_1_162' title='bbox 1317 2553 1450 2610; x_wconf 90' lang='lat' dir='ltr'>tantum</span> <span class='ocrx_word' id='word_1_163' title='bbox 1465 2541 1502 2608; x_wconf 92' lang='lat' dir='ltr'>in</span> 
     </span>
    </p>
   </div>
   <div class='ocr_carea' id='block_1_4' title="bbox 176 2657 1503 2748">
    <p class='ocr_par' dir='ltr' id='par_1_5' title="bbox 176 2657 1503 2748">
     <span class='ocr_line' id='line_1_20' title="bbox 176 2657 1503 2748; baseline 0.001 -25"><span class='ocrx_word' id='word_1_164' title='bbox 176 2667 182 2682; x_wconf 84' lang='lat'><strong>·</strong></span> <span class='ocrx_word' id='word_1_165' title='bbox 281 2660 384 2728; x_wconf 93' lang='lat' dir='ltr'>rebus</span> <span class='ocrx_word' id='word_1_166' title='bbox 399 2658 569 2746; x_wconf 91' lang='lat' dir='ltr'>prosperis</span> <span class='ocrx_word' id='word_1_167' title='bbox 584 2671 744 2746; x_wconf 91' lang='lat' dir='ltr'>recteque</span> <span class='ocrx_word' id='word_1_168' title='bbox 759 2660 878 2748; x_wconf 89' lang='lat' dir='ltr'>gestis,</span> <span class='ocrx_word' id='word_1_169' title='bbox 896 2682 1016 2728; x_wconf 91' lang='lat' dir='ltr'>verum</span> <span class='ocrx_word' id='word_1_170' title='bbox 1031 2659 1132 2728; x_wconf 92' lang='lat' dir='ltr'>etiam</span> <span class='ocrx_word' id='word_1_171' title='bbox 1148 2658 1184 2725; x_wconf 91' lang='lat' dir='ltr'>in</span> <span class='ocrx_word' id='word_1_172' title='bbox 1200 2657 1362 2739; x_wconf 66' lang='lat' dir='ltr'>adversis</span> <span class='ocrx_word' id='word_1_173' title='bbox 1380 2657 1503 2725; x_wconf 88' lang='lat' dir='ltr'>etiam-</span> 
     </span>
    </p>
   </div>
   <div class='ocr_carea' id='block_1_5' title="bbox 278 2771 1504 4472">
    <p class='ocr_par' dir='ltr' id='par_1_6' title="bbox 280 2771 1501 2977">
     <span class='ocr_line' id='line_1_21' title="bbox 280 2771 1501 2861; baseline -0.002 -21"><span class='ocrx_word' id='word_1_174' title='bbox 280 2794 349 2859; x_wconf 92' lang='lat' dir='ltr'>que</span> <span class='ocrx_word' id='word_1_175' title='bbox 364 2774 399 2840; x_wconf 93' lang='lat' dir='ltr'>in</span> <span class='ocrx_word' id='word_1_176' title='bbox 413 2774 558 2861; x_wconf 89' lang='lat' dir='ltr'>propriis</span> <span class='ocrx_word' id='word_1_177' title='bbox 573 2775 629 2842; x_wconf 91' lang='lat' dir='ltr'>vel</span> <span class='ocrx_word' id='word_1_178' title='bbox 644 2773 763 2842; x_wconf 89' lang='lat' dir='ltr'>alienis</span> <span class='ocrx_word' id='word_1_179' title='bbox 778 2773 980 2855; x_wconf 68' lang='lat' dir='ltr'>defectibus</span> <span class='ocrx_word' id='word_1_180' title='bbox 1001 2774 1058 2842; x_wconf 92' lang='lat' dir='ltr'>ubi</span> <span class='ocrx_word' id='word_1_181' title='bbox 1073 2774 1199 2842; x_wconf 88' lang='lat' dir='ltr'>veritas</span> <span class='ocrx_word' id='word_1_182' title='bbox 1213 2772 1374 2841; x_wconf 86' lang='lat' dir='ltr'>historiae</span> <span class='ocrx_word' id='word_1_183' title='bbox 1389 2771 1424 2838; x_wconf 95' lang='lat' dir='ltr'>id</span> <span class='ocrx_word' id='word_1_184' title='bbox 1439 2793 1501 2860; x_wconf 91' lang='lat' dir='ltr'>po·</span> 
     </span>
     <span class='ocr_line' id='line_1_22' title="bbox 281 2888 1240 2977; baseline 0.001 -22"><span class='ocrx_word' id='word_1_185' title='bbox 281 2888 397 2971; x_wconf 91' lang='lat' dir='ltr'>stulat,</span> <span class='ocrx_word' id='word_1_186' title='bbox 416 2910 548 2956; x_wconf 92' lang='lat' dir='ltr'>summa</span> <span class='ocrx_word' id='word_1_187' title='bbox 564 2889 778 2977; x_wconf 89' lang='lat' dir='ltr'>ingenuitate</span> <span class='ocrx_word' id='word_1_188' title='bbox 793 2901 827 2958; x_wconf 90' lang='lat' dir='ltr'>et</span> <span class='ocrx_word' id='word_1_189' title='bbox 844 2889 1016 2975; x_wconf 86' lang='lat' dir='ltr'>aequitate</span> <span class='ocrx_word' id='word_1_190' title='bbox 1031 2888 1240 2957; x_wconf 77' lang='lat' dir='ltr'>enarrandis</span> 
     </span>
    </p>

    <p class='ocr_par' dir='ltr' id='par_1_7' title="bbox 278 3003 1504 4472">
     <span class='ocr_line' id='line_1_23' title="bbox 348 3003 1502 3090; baseline -0.002 -18"><span class='ocrx_word' id='word_1_191' title='bbox 348 3003 460 3089; x_wconf 89' lang='lat' dir='ltr'>Majus</span> <span class='ocrx_word' id='word_1_192' title='bbox 476 3003 614 3090; x_wconf 89' lang='lat' dir='ltr'>insuper</span> <span class='ocrx_word' id='word_1_193' title='bbox 631 3014 842 3073; x_wconf 91' lang='lat' dir='ltr'>momentum</span> <span class='ocrx_word' id='word_1_194' title='bbox 859 3004 952 3072; x_wconf 89' lang='lat' dir='ltr'>hisce</span> <span class='ocrx_word' id='word_1_195' title='bbox 967 3004 1218 3072; x_wconf 88' lang='lat' dir='ltr'>commentariis</span> <span class='ocrx_word' id='word_1_196' title='bbox 1240 3003 1384 3087; x_wconf 87' lang='lat' dir='ltr'>accedit,</span> <span class='ocrx_word' id='word_1_197' title='bbox 1402 3024 1502 3073; x_wconf 88' lang='lat' dir='ltr'>exeo</span> 
     </span>
     <span class='ocr_line' id='line_1_24' title="bbox 281 3117 1502 3207; baseline 0.002 -23"><span class='ocrx_word' id='word_1_198' title='bbox 281 3119 373 3204; x_wconf 93' lang='lat' dir='ltr'>quod</span> <span class='ocrx_word' id='word_1_199' title='bbox 389 3117 540 3205; x_wconf 89' lang='lat' dir='ltr'>ipsorum</span> <span class='ocrx_word' id='word_1_200' title='bbox 554 3119 710 3206; x_wconf 91' lang='lat' dir='ltr'>scriptor,</span> <span class='ocrx_word' id='word_1_201' title='bbox 729 3129 823 3186; x_wconf 91' lang='lat' dir='ltr'>actor</span> <span class='ocrx_word' id='word_1_202' title='bbox 840 3131 878 3186; x_wconf 93' lang='lat' dir='ltr'>ut</span> <span class='ocrx_word' id='word_1_203' title='bbox 899 3120 1082 3207; x_wconf 90' lang='lat' dir='ltr'>plurimum</span> <span class='ocrx_word' id='word_1_204' title='bbox 1103 3120 1179 3201; x_wconf 90' lang='lat' dir='ltr'>fuit,</span> <span class='ocrx_word' id='word_1_205' title='bbox 1198 3122 1253 3190; x_wconf 93' lang='lat' dir='ltr'>vel</span> <span class='ocrx_word' id='word_1_206' title='bbox 1274 3119 1369 3188; x_wconf 89' lang='lat' dir='ltr'>testis</span> <span class='ocrx_word' id='word_1_207' title='bbox 1385 3119 1502 3186; x_wconf 89' lang='lat' dir='ltr'>ocula-</span> 
     </span>
     <span class='ocr_line' id='line_1_25' title="bbox 283 3233 1503 3328; baseline 0.002 -30"><span class='ocrx_word' id='word_1_208' title='bbox 283 3243 339 3300; x_wconf 91' lang='lat' dir='ltr'>tus</span> <span class='ocrx_word' id='word_1_209' title='bbox 355 3255 480 3314; x_wconf 90' lang='lat' dir='ltr'>rerum,</span> <span class='ocrx_word' id='word_1_210' title='bbox 499 3256 587 3322; x_wconf 93' lang='lat' dir='ltr'>quae</span> <span class='ocrx_word' id='word_1_211' title='bbox 602 3245 815 3317; x_wconf 90' lang='lat' dir='ltr'>enarrantur;</span> <span class='ocrx_word' id='word_1_212' title='bbox 834 3235 892 3320; x_wconf 92' lang='lat' dir='ltr'>qui</span> <span class='ocrx_word' id='word_1_213' title='bbox 909 3246 1002 3306; x_wconf 92' lang='lat' dir='ltr'>certe</span> <span class='ocrx_word' id='word_1_214' title='bbox 1017 3258 1071 3304; x_wconf 90' lang='lat' dir='ltr'>res</span> <span class='ocrx_word' id='word_1_215' title='bbox 1088 3247 1123 3304; x_wconf 92' lang='lat' dir='ltr'>et</span> <span class='ocrx_word' id='word_1_216' title='bbox 1134 3257 1307 3322; x_wconf 76' lang='lat' dir='ltr'>personaS,</span> <span class='ocrx_word' id='word_1_217' title='bbox 1322 3236 1367 3306; x_wconf 93' lang='lat' dir='ltr'>de</span> <span class='ocrx_word' id='word_1_218' title='bbox 1377 3233 1503 3328; x_wconf 86' lang='lat' dir='ltr'>quibus</span> 
     </span>
     <span class='ocr_line' id='line_1_26' title="bbox 281 3348 1503 3440; baseline 0 -24"><span class='ocrx_word' id='word_1_219' title='bbox 281 3348 410 3431; x_wconf 89' lang='lat' dir='ltr'>scribit,</span> <span class='ocrx_word' id='word_1_220' title='bbox 429 3349 576 3436; x_wconf 91' lang='lat' dir='ltr'>penitius</span> <span class='ocrx_word' id='word_1_221' title='bbox 596 3349 739 3417; x_wconf 89' lang='lat' dir='ltr'>caeteris</span> <span class='ocrx_word' id='word_1_222' title='bbox 754 3352 998 3437; x_wconf 88' lang='lat' dir='ltr'>cognoscebat,</span> <span class='ocrx_word' id='word_1_223' title='bbox 1021 3350 1160 3438; x_wconf 91' lang='lat' dir='ltr'>quique,</span> <span class='ocrx_word' id='word_1_224' title='bbox 1178 3352 1207 3418; x_wconf 92' lang='lat' dir='ltr'>si</span> <span class='ocrx_word' id='word_1_225' title='bbox 1223 3373 1292 3419; x_wconf 91' lang='lat' dir='ltr'>non</span> <span class='ocrx_word' id='word_1_226' title='bbox 1303 3373 1448 3440; x_wconf 89' lang='lat' dir='ltr'>semper,</span> <span class='ocrx_word' id='word_1_227' title='bbox 1467 3360 1503 3417; x_wconf 92' lang='lat' dir='ltr'>at</span> 
     </span>
     <span class='ocr_line' id='line_1_27' title="bbox 282 3464 1502 3554; baseline 0.002 -24"><span class='ocrx_word' id='word_1_228' title='bbox 282 3464 402 3532; x_wconf 86' lang='lat' dir='ltr'>saltem</span> <span class='ocrx_word' id='word_1_229' title='bbox 420 3465 614 3550; x_wconf 90' lang='lat' dir='ltr'>frequenter</span> <span class='ocrx_word' id='word_1_230' title='bbox 630 3486 692 3532; x_wconf 86' lang='lat' dir='ltr'>sua</span> <span class='ocrx_word' id='word_1_231' title='bbox 708 3465 949 3533; x_wconf 91' lang='lat' dir='ltr'>commentaria</span> <span class='ocrx_word' id='word_1_232' title='bbox 965 3465 1001 3533; x_wconf 92' lang='lat' dir='ltr'>in</span> <span class='ocrx_word' id='word_1_233' title='bbox 1016 3466 1090 3554; x_wconf 92' lang='lat' dir='ltr'>ipso</span> <span class='ocrx_word' id='word_1_234' title='bbox 1105 3469 1181 3534; x_wconf 94' lang='lat' dir='ltr'>loco</span> <span class='ocrx_word' id='word_1_235' title='bbox 1201 3478 1237 3534; x_wconf 95' lang='lat' dir='ltr'>et</span> <span class='ocrx_word' id='word_1_236' title='bbox 1252 3479 1414 3554; x_wconf 92' lang='lat' dir='ltr'>tempore,</span> <span class='ocrx_word' id='word_1_237' title='bbox 1433 3487 1502 3552; x_wconf 91' lang='lat' dir='ltr'>quo</span> 
     </span>
     <span class='ocr_line' id='line_1_28' title="bbox 284 3579 1502 3676; baseline 0.003 -32"><span class='ocrx_word' id='word_1_238' title='bbox 284 3601 339 3648; x_wconf 91' lang='lat' dir='ltr'>res</span> <span class='ocrx_word' id='word_1_239' title='bbox 354 3581 575 3666; x_wconf 84' lang='lat' dir='ltr'>gerebantur,</span> <span class='ocrx_word' id='word_1_240' title='bbox 590 3579 833 3676; x_wconf 87' lang='lat' dir='ltr'>perscribebat.</span> <span class='ocrx_word' id='word_1_241' title='bbox 852 3583 1070 3669; x_wconf 83' lang='lat' dir='ltr'>Quapropter</span> <span class='ocrx_word' id='word_1_242' title='bbox 1086 3605 1265 3652; x_wconf 88' lang='lat' dir='ltr'>necessum</span> <span class='ocrx_word' id='word_1_243' title='bbox 1282 3593 1355 3650; x_wconf 87' lang='lat' dir='ltr'>erat</span> <span class='ocrx_word' id='word_1_244' title='bbox 1370 3584 1431 3650; x_wconf 88' lang='lat' dir='ltr'>has</span> <span class='ocrx_word' id='word_1_245' title='bbox 1447 3583 1502 3648; x_wconf 93' lang='lat' dir='ltr'>lu-</span> 
     </span>
     <span class='ocr_line' id='line_1_29' title="bbox 281 3693 1502 3786; baseline 0.003 -26"><span class='ocrx_word' id='word_1_246' title='bbox 281 3693 685 3786; x_wconf 75' lang='lat' dir='ltr'>cubrationessubcisivis</span> <span class='ocrx_word' id='word_1_247' title='bbox 696 3695 904 3783; x_wconf 90' lang='lat' dir='ltr'>temporibus</span> <span class='ocrx_word' id='word_1_248' title='bbox 913 3697 1037 3784; x_wconf 88' lang='lat' dir='ltr'>raptim</span> <span class='ocrx_word' id='word_1_249' title='bbox 1047 3708 1082 3766; x_wconf 89' lang='lat' dir='ltr'>et</span> <span class='ocrx_word' id='word_1_250' title='bbox 1091 3697 1307 3768; x_wconf 90' lang='lat' dir='ltr'>inemendate</span> <span class='ocrx_word' id='word_1_251' title='bbox 1316 3697 1502 3766; x_wconf 87' lang='lat' dir='ltr'>conficien-</span> 
     </span>
     <span class='ocr_line' id='line_1_30' title="bbox 280 3810 1503 3901; baseline 0.003 -24"><span class='ocrx_word' id='word_1_252' title='bbox 280 3811 342 3878; x_wconf 87' lang='lat' dir='ltr'>das</span> <span class='ocrx_word' id='word_1_253' title='bbox 359 3810 475 3891; x_wconf 87' lang='lat' dir='ltr'>fuisse,</span> <span class='ocrx_word' id='word_1_254' title='bbox 495 3821 533 3877; x_wconf 92' lang='lat' dir='ltr'>ut</span> <span class='ocrx_word' id='word_1_255' title='bbox 548 3810 656 3878; x_wconf 92' lang='lat' dir='ltr'>cuivis</span> <span class='ocrx_word' id='word_1_256' title='bbox 672 3811 747 3879; x_wconf 88' lang='lat' dir='ltr'>illas</span> <span class='ocrx_word' id='word_1_257' title='bbox 763 3812 991 3899; x_wconf 87' lang='lat' dir='ltr'>pervolutanti</span> <span class='ocrx_word' id='word_1_258' title='bbox 1011 3813 1118 3900; x_wconf 90' lang='lat' dir='ltr'>prima</span> <span class='ocrx_word' id='word_1_259' title='bbox 1139 3813 1249 3881; x_wconf 85' lang='lat' dir='ltr'>fronte</span> <span class='ocrx_word' id='word_1_260' title='bbox 1268 3813 1409 3901; x_wconf 90' lang='lat' dir='ltr'>patebit.</span> <span class='ocrx_word' id='word_1_261' title='bbox 1429 3815 1503 3882; x_wconf 89' lang='lat' dir='ltr'>Nec</span> 
     </span>
     <span class='ocr_line' id='line_1_31' title="bbox 281 3925 1502 4015; baseline 0.003 -23"><span class='ocrx_word' id='word_1_262' title='bbox 281 3937 394 3994; x_wconf 91' lang='lat' dir='ltr'>tamen</span> <span class='ocrx_word' id='word_1_263' title='bbox 409 3926 487 3994; x_wconf 91' lang='lat' dir='ltr'>ideo</span> <span class='ocrx_word' id='word_1_264' title='bbox 504 3925 643 3995; x_wconf 86' lang='lat' dir='ltr'>minoris</span> <span class='ocrx_word' id='word_1_265' title='bbox 659 3927 759 4014; x_wconf 90' lang='lat' dir='ltr'>pretii</span> <span class='ocrx_word' id='word_1_266' title='bbox 774 3949 835 4015; x_wconf 91' lang='lat' dir='ltr'>pro</span> <span class='ocrx_word' id='word_1_267' title='bbox 852 3928 991 3996; x_wconf 89' lang='lat' dir='ltr'>historia</span> <span class='ocrx_word' id='word_1_268' title='bbox 1006 3927 1084 3997; x_wconf 93' lang='lat' dir='ltr'>illae</span> <span class='ocrx_word' id='word_1_269' title='bbox 1095 3929 1320 4015; x_wconf 88' lang='lat' dir='ltr'>prudentibus</span> <span class='ocrx_word' id='word_1_270' title='bbox 1331 3929 1502 3997; x_wconf 92' lang='lat' dir='ltr'>videbun·</span> 
     </span>
     <span class='ocr_line' id='line_1_32' title="bbox 280 4041 1503 4124; baseline 0.006 -17"><span class='ocrx_word' id='word_1_271' title='bbox 280 4052 347 4124; x_wconf 91' lang='lat' dir='ltr'>tur;</span> <span class='ocrx_word' id='word_1_272' title='bbox 366 4041 434 4108; x_wconf 93' lang='lat' dir='ltr'>imo</span> <span class='ocrx_word' id='word_1_273' title='bbox 454 4064 537 4110; x_wconf 88' lang='lat' dir='ltr'>vero</span> <span class='ocrx_word' id='word_1_274' title='bbox 557 4053 651 4111; x_wconf 91' lang='lat' dir='ltr'>tanto</span> <span class='ocrx_word' id='word_1_275' title='bbox 672 4043 796 4110; x_wconf 87' lang='lat' dir='ltr'>clarius</span> <span class='ocrx_word' id='word_1_276' title='bbox 817 4055 852 4111; x_wconf 91' lang='lat' dir='ltr'>et</span> <span class='ocrx_word' id='word_1_277' title='bbox 872 4043 1049 4112; x_wconf 91' lang='lat' dir='ltr'>candidius</span> <span class='ocrx_word' id='word_1_278' title='bbox 1072 4045 1198 4114; x_wconf 90' lang='lat' dir='ltr'>veritas</span> <span class='ocrx_word' id='word_1_279' title='bbox 1218 4067 1332 4112; x_wconf 90' lang='lat' dir='ltr'>rerum</span> <span class='ocrx_word' id='word_1_280' title='bbox 1352 4045 1387 4112; x_wconf 94' lang='lat' dir='ltr'>in</span> <span class='ocrx_word' id='word_1_281' title='bbox 1408 4045 1503 4114; x_wconf 89' lang='lat' dir='ltr'>hisce</span> 
     </span>
     <span class='ocr_line' id='line_1_33' title="bbox 280 4155 1502 4249; baseline 0.003 -25"><span class='ocrx_word' id='word_1_282' title='bbox 280 4155 414 4243; x_wconf 86' lang='lat' dir='ltr'>paginis</span> <span class='ocrx_word' id='word_1_283' title='bbox 430 4157 564 4238; x_wconf 90' lang='lat' dir='ltr'>emicat,</span> <span class='ocrx_word' id='word_1_284' title='bbox 586 4169 714 4244; x_wconf 90' lang='lat' dir='ltr'>quanto</span> <span class='ocrx_word' id='word_1_285' title='bbox 734 4160 847 4227; x_wconf 92' lang='lat' dir='ltr'>minus</span> <span class='ocrx_word' id='word_1_286' title='bbox 867 4161 967 4229; x_wconf 89' lang='lat' dir='ltr'>limae</span> <span class='ocrx_word' id='word_1_287' title='bbox 987 4183 1090 4248; x_wconf 88' lang='lat' dir='ltr'>opera</span> <span class='ocrx_word' id='word_1_288' title='bbox 1110 4172 1145 4228; x_wconf 86' lang='lat' dir='ltr'>et</span> <span class='ocrx_word' id='word_1_289' title='bbox 1165 4160 1357 4248; x_wconf 88' lang='lat' dir='ltr'>scriptionis</span> <span class='ocrx_word' id='word_1_290' title='bbox 1377 4181 1502 4249; x_wconf 92' lang='lat' dir='ltr'>perpo-</span> 
     </span>
     <span class='ocr_line' id='line_1_34' title="bbox 278 4268 1504 4362; baseline 0.007 -26"><span class='ocrx_word' id='word_1_291' title='bbox 278 4268 411 4341; x_wconf 90' lang='lat' dir='ltr'>liendae</span> <span class='ocrx_word' id='word_1_292' title='bbox 427 4272 577 4340; x_wconf 90' lang='lat' dir='ltr'>studium</span> <span class='ocrx_word' id='word_1_293' title='bbox 593 4274 814 4361; x_wconf 90' lang='lat' dir='ltr'>conspicitur.</span> <span class='ocrx_word' id='word_1_294' title='bbox 833 4277 876 4344; x_wconf 91' lang='lat' dir='ltr'>Et</span> <span class='ocrx_word' id='word_1_295' title='bbox 892 4278 977 4344; x_wconf 86' lang='lat' dir='ltr'>haec</span> <span class='ocrx_word' id='word_1_296' title='bbox 996 4276 1133 4362; x_wconf 88' lang='lat' dir='ltr'>quidem</span> <span class='ocrx_word' id='word_1_297' title='bbox 1153 4277 1196 4344; x_wconf 91' lang='lat' dir='ltr'>de</span> <span class='ocrx_word' id='word_1_298' title='bbox 1216 4277 1504 4362; x_wconf 79' lang='lat' dir='ltr'>Epltamaridibus</span> 
     </span>
     <span class='ocr_line' id='line_1_35' title="bbox 280 4387 657 4472; baseline 0.011 -20"><span class='ocrx_word' id='word_1_299' title='bbox 280 4387 484 4472; x_wconf 88' lang='lat' dir='ltr'>praelibasse</span> <span class='ocrx_word' id='word_1_300' title='bbox 501 4389 657 4457; x_wconf 85' lang='lat' dir='ltr'>sufficiat.</span> 
     </span>
    </p>
   </div>
   <div class='ocr_carea' id='block_1_6' title="bbox 285 4563 482 4574">
    <p class='ocr_par' dir='ltr' id='par_1_8' title="bbox 285 4563 482 4574">
     <span class='ocr_line' id='line_1_36' title="bbox 285 4563 482 4574; baseline 0.005 -3"><span class='ocrx_word' id='word_1_301' title='bbox 285 4563 482 4574; x_wconf 71' lang='lat'><strong>—-—·—...</strong></span> 
     </span>
    </p>
   </div>
   <div class='ocr_carea' id='block_1_7' title="bbox 335 4635 913 4716">
    <p class='ocr_par' dir='ltr' id='par_1_9' title="bbox 335 4635 913 4716">
     <span class='ocr_line' id='line_1_37' title="bbox 335 4635 913 4716; baseline 0.016 -26"><span class='ocrx_word' id='word_1_302' title='bbox 335 4639 342 4671; x_wconf 89' lang='lat'><strong>¹</strong></span> <span class='ocrx_word' id='word_1_303' title='bbox 380 4635 461 4692; x_wconf 82' lang='lat' dir='ltr'>Hisf.</span> <span class='ocrx_word' id='word_1_304' title='bbox 478 4639 554 4704; x_wconf 77' lang='lat' dir='ltr'>Soc„</span> <span class='ocrx_word' id='word_1_305' title='bbox 569 4649 646 4714; x_wconf 88' lang='lat' dir='ltr'>part.</span> <span class='ocrx_word' id='word_1_306' title='bbox 664 4643 703 4714; x_wconf 90' lang='grc' dir='ltr'>ΙΙ,</span> <span class='ocrx_word' id='word_1_307' title='bbox 717 4643 769 4700; x_wconf 93' lang='lat' dir='ltr'>lib.</span> <span class='ocrx_word' id='word_1_308' title='bbox 784 4659 805 4716; x_wconf 90' lang='lat'>1,</span> <span class='ocrx_word' id='word_1_309' title='bbox 819 4663 851 4701; x_wconf 90' lang='lat' dir='ltr'>n.</span> <span class='ocrx_word' id='word_1_310' title='bbox 869 4644 913 4700; x_wconf 88' lang='lat'>26.</span> 
     </span>
    </p>
   </div>
   <div class='ocr_carea' id='block_1_8' title="bbox 0 0 1838 5384">
    <p class='ocr_par' dir='ltr' id='par_1_10' title="bbox 0 0 1838 5384">
     <span class='ocr_line' id='line_1_38' title="bbox 0 0 1838 5384; baseline 0 0"><span class='ocrx_word' id='word_1_311' title='bbox 0 0 1838 5384; x_wconf 95' lang='lat' dir='ltr'> </span> 
     </span>
    </p>
   </div>
  </div>
 </body>
</html>
