<?xml version="1.0" encoding="UTF-8"?>
<!DOCTYPE html PUBLIC "-//W3C//DTD XHTML 1.0 Transitional//EN"
    "http://www.w3.org/TR/xhtml1/DTD/xhtml1-transitional.dtd">
<html xmlns="http://www.w3.org/1999/xhtml" xml:lang="en" lang="en">
 <head>
  <title>
</title>
<meta http-equiv="Content-Type" content="text/html;charset=utf-8" />
  <meta name='ocr-system' content='tesseract 3.04.00' />
  <meta name='ocr-capabilities' content='ocr_page ocr_carea ocr_par ocr_line ocrx_word'/>
</head>
<body>
  <div class='ocr_page' id='page_1' title='image "./epistolaephiero00nadagoog_0114.png"; bbox 0 0 3604 5380; ppageno 0'>
   <div class='ocr_carea' id='block_1_1' title="bbox 875 480 1522 554">
    <p class='ocr_par' dir='ltr' id='par_1_1' title="bbox 875 480 1522 554">
     <span class='ocr_line' id='line_1_1' title="bbox 875 480 1522 554; baseline -0.003 -16"><span class='ocrx_word' id='word_1_1' title='bbox 875 481 941 554; x_wconf 85' lang='lat'><strong>1561</strong></span> <span class='ocrx_word' id='word_1_2' title='bbox 1193 518 1195 524; x_wconf 83' lang='lat'><strong>.</strong></span> <span class='ocrx_word' id='word_1_3' title='bbox 1486 480 1522 550; x_wconf 86' lang='lat'><strong>87</strong></span> 
     </span>
    </p>
   </div>
   <div class='ocr_carea' id='block_1_2' title="bbox 281 631 1522 837">
    <p class='ocr_par' dir='ltr' id='par_1_2' title="bbox 281 631 1522 837">
     <span class='ocr_line' id='line_1_2' title="bbox 359 631 1522 722; baseline -0.008 -16"><span class='ocrx_word' id='word_1_4' title='bbox 359 636 452 706; x_wconf 87' lang='lat' dir='ltr'><strong>Duxi</strong></span> <span class='ocrx_word' id='word_1_5' title='bbox 481 657 617 706; x_wconf 85' lang='lat' dir='ltr'><strong>mecum</strong></span> <span class='ocrx_word' id='word_1_6' title='bbox 638 637 679 702; x_wconf 93' lang='lat' dir='ltr'><strong>P.</strong></span> <span class='ocrx_word' id='word_1_7' title='bbox 703 633 865 722; x_wconf 84' lang='lat' dir='ltr'><strong>Egidium</strong></span> <span class='ocrx_word' id='word_1_8' title='bbox 885 634 1086 718; x_wconf 67' lang='lat' dir='ltr'><strong>Consulem,</strong></span> <span class='ocrx_word' id='word_1_9' title='bbox 1116 632 1176 720; x_wconf 89' lang='lat' dir='ltr'><strong>qui</strong></span> <span class='ocrx_word' id='word_1_10' title='bbox 1202 631 1285 700; x_wconf 89' lang='lat' dir='ltr'><strong>mihi</strong></span> <span class='ocrx_word' id='word_1_11' title='bbox 1312 631 1407 699; x_wconf 83' lang='lat' dir='ltr'><strong>visus</strong></span> <span class='ocrx_word' id='word_1_12' title='bbox 1434 641 1487 700; x_wconf 90' lang='lat' dir='ltr'><strong>est</strong></span> <span class='ocrx_word' id='word_1_13' title='bbox 1512 633 1522 666; x_wconf 91' lang='lat'>¹</span> 
     </span>
     <span class='ocr_line' id='line_1_3' title="bbox 281 749 1043 837; baseline -0.005 -17"><span class='ocrx_word' id='word_1_14' title='bbox 281 753 440 824; x_wconf 86' lang='lat' dir='ltr'><strong>idoneus</strong></span> <span class='ocrx_word' id='word_1_15' title='bbox 455 753 499 820; x_wconf 91' lang='lat' dir='ltr'><strong>ad</strong></span> <span class='ocrx_word' id='word_1_16' title='bbox 514 749 643 818; x_wconf 86' lang='lat' dir='ltr'><strong>maiora</strong></span> <span class='ocrx_word' id='word_1_17' title='bbox 658 771 759 837; x_wconf 88' lang='lat' dir='ltr'><strong>quam</strong></span> <span class='ocrx_word' id='word_1_18' title='bbox 776 749 1043 820; x_wconf 80' lang='lat' dir='ltr'><strong>existimabatur.</strong></span> 
     </span>
    </p>
   </div>
   <div class='ocr_carea' id='block_1_3' title="bbox 363 887 989 999">
    <p class='ocr_par' dir='ltr' id='par_1_3' title="bbox 363 887 989 999">
     <span class='ocr_line' id='line_1_4' title="bbox 363 887 989 999; baseline -0.005 0"><span class='ocrx_word' id='word_1_19' title='bbox 363 887 459 999; x_wconf 30' lang='lat' dir='ltr'><strong>m.</strong></span> <span class='ocrx_word' id='word_1_20' title='bbox 820 948 989 999; x_wconf 77' lang='lat' dir='ltr'><strong>ocauuaa</strong></span> 
     </span>
    </p>
   </div>
   <div class='ocr_carea' id='block_1_4' title="bbox 287 1094 1525 1285">
    <p class='ocr_par' dir='ltr' id='par_1_4' title="bbox 287 1094 1525 1285">
     <span class='ocr_line' id='line_1_5' title="bbox 365 1094 1525 1184; baseline -0.006 -17"><span class='ocrx_word' id='word_1_21' title='bbox 365 1097 526 1179; x_wconf 89' lang='lat' dir='ltr'><strong>Visitaui,</strong></span> <span class='ocrx_word' id='word_1_22' title='bbox 543 1106 610 1163; x_wconf 90' lang='lat' dir='ltr'><strong>etc.</strong></span> <span class='ocrx_word' id='word_1_23' title='bbox 630 1095 773 1184; x_wconf 87' lang='lat' dir='ltr'><strong>Egimus</strong></span> <span class='ocrx_word' id='word_1_24' title='bbox 787 1098 832 1164; x_wconf 86' lang='lat' dir='ltr'><strong>de</strong></span> <span class='ocrx_word' id='word_1_25' title='bbox 849 1095 1049 1164; x_wconf 78' lang='lat' dir='ltr'><strong>fundatione</strong></span> <span class='ocrx_word' id='word_1_26' title='bbox 1065 1117 1143 1164; x_wconf 90' lang='lat' dir='ltr'><strong>cum</strong></span> <span class='ocrx_word' id='word_1_27' title='bbox 1159 1094 1335 1164; x_wconf 86' lang='lat' dir='ltr'><strong>licentiato</strong></span> <span class='ocrx_word' id='word_1_28' title='bbox 1356 1105 1408 1162; x_wconf 89' lang='lat' dir='ltr'><strong>sat</strong></span> <span class='ocrx_word' id='word_1_29' title='bbox 1429 1115 1525 1162; x_wconf 92' lang='lat' dir='ltr'><strong>com-</strong></span> 
     </span>
     <span class='ocr_line' id='line_1_6' title="bbox 287 1217 921 1285; baseline -0.003 -1"><span class='ocrx_word' id='word_1_30' title='bbox 287 1217 412 1285; x_wconf 88' lang='lat' dir='ltr'><strong>mode.</strong></span> <span class='ocrx_word' id='word_1_31' title='bbox 920 1229 921 1232; x_wconf 75' lang='grc'>’</span> 
     </span>
    </p>
   </div>
   <div class='ocr_carea' id='block_1_5' title="bbox 364 1391 992 1467">
    <p class='ocr_par' dir='ltr' id='par_1_5' title="bbox 364 1391 992 1467">
     <span class='ocr_line' id='line_1_7' title="bbox 364 1391 992 1467; baseline -0.003 -7"><span class='ocrx_word' id='word_1_32' title='bbox 364 1395 446 1465; x_wconf 73' lang='lat' dir='ltr'><strong>m</strong></span> <span class='ocrx_word' id='word_1_33' title='bbox 821 1411 954 1467; x_wconf 71' lang='lat' dir='ltr'><strong>ronam</strong></span> <span class='ocrx_word' id='word_1_34' title='bbox 979 1391 992 1424; x_wconf 89' lang='lat'><strong>¹</strong></span> 
     </span>
    </p>
   </div>
   <div class='ocr_carea' id='block_1_6' title="bbox 287 1556 1573 1990">
    <p class='ocr_par' dir='ltr' id='par_1_6' title="bbox 287 1556 1573 1990">
     <span class='ocr_line' id='line_1_8' title="bbox 364 1556 1524 1647; baseline -0.006 -16"><span class='ocrx_word' id='word_1_35' title='bbox 364 1563 491 1632; x_wconf 85' lang='lat' dir='ltr'><strong>Adhuc</strong></span> <span class='ocrx_word' id='word_1_36' title='bbox 507 1568 605 1630; x_wconf 84' lang='lat' dir='ltr'><strong>erant</strong></span> <span class='ocrx_word' id='word_1_37' title='bbox 621 1557 728 1626; x_wconf 88' lang='lat' dir='ltr'><strong>nostri</strong></span> <span class='ocrx_word' id='word_1_38' title='bbox 744 1557 857 1626; x_wconf 90' lang='lat' dir='ltr'><strong>inillis</strong></span> <span class='ocrx_word' id='word_1_39' title='bbox 873 1557 1043 1647; x_wconf 86' lang='lat' dir='ltr'><strong>angustiis</strong></span> <span class='ocrx_word' id='word_1_40' title='bbox 1057 1561 1179 1630; x_wconf 69' lang='grc' dir='ltr'>ἀοωιιε</span> <span class='ocrx_word' id='word_1_41' title='bbox 1194 1559 1436 1646; x_wconf 83' lang='lat' dir='ltr'><strong>beguinarum.</strong></span> <span class='ocrx_word' id='word_1_42' title='bbox 1461 1556 1524 1625; x_wconf 93' lang='lat' dir='ltr'><strong>Vi·</strong></span> 
     </span>
     <span class='ocr_line' id='line_1_9' title="bbox 287 1673 1521 1762; baseline -0.006 -13"><span class='ocrx_word' id='word_1_43' title='bbox 287 1678 411 1759; x_wconf 64' lang='lat' dir='ltr'><strong>a&#39;taui</strong></span> <span class='ocrx_word' id='word_1_44' title='bbox 442 1687 509 1746; x_wconf 88' lang='lat' dir='ltr'><strong>etc.</strong></span> <span class='ocrx_word' id='word_1_45' title='bbox 538 1674 620 1743; x_wconf 85' lang='lat' dir='ltr'><strong>Dixi</strong></span> <span class='ocrx_word' id='word_1_46' title='bbox 647 1696 736 1762; x_wconf 88' lang='lat' dir='ltr'><strong>quae</strong></span> <span class='ocrx_word' id='word_1_47' title='bbox 750 1673 956 1745; x_wconf 86' lang='lat' dir='ltr'><strong>videbantur</strong></span> <span class='ocrx_word' id='word_1_48' title='bbox 971 1676 1019 1744; x_wconf 87' lang='lat' dir='ltr'><strong>de</strong></span> <span class='ocrx_word' id='word_1_49' title='bbox 1039 1675 1229 1744; x_wconf 89' lang='lat' dir='ltr'><strong>mutatione</strong></span> <span class='ocrx_word' id='word_1_50' title='bbox 1244 1675 1366 1742; x_wconf 89' lang='lat' dir='ltr'><strong>domus</strong></span> <span class='ocrx_word' id='word_1_51' title='bbox 1383 1683 1419 1742; x_wconf 91' lang='lat' dir='ltr'><strong>et</strong></span> <span class='ocrx_word' id='word_1_52' title='bbox 1434 1694 1521 1760; x_wconf 85' lang='lat' dir='ltr'><strong>aug-</strong></span> 
     </span>
     <span class='ocr_line' id='line_1_10' title="bbox 288 1788 1523 1878; baseline -0.006 -16"><span class='ocrx_word' id='word_1_53' title='bbox 288 1807 415 1863; x_wconf 88' lang='lat' dir='ltr'><strong>mento</strong></span> <span class='ocrx_word' id='word_1_54' title='bbox 432 1792 522 1860; x_wconf 91' lang='lat' dir='ltr'><strong>illius</strong></span> <span class='ocrx_word' id='word_1_55' title='bbox 538 1789 662 1878; x_wconf 82' lang='lat' dir='ltr'><strong>operis,</strong></span> <span class='ocrx_word' id='word_1_56' title='bbox 679 1790 772 1876; x_wconf 79' lang='lat' dir='ltr'><strong>quod</strong></span> <span class='ocrx_word' id='word_1_57' title='bbox 785 1800 906 1876; x_wconf 87' lang='lat' dir='ltr'><strong>postea</strong></span> <span class='ocrx_word' id='word_1_58' title='bbox 922 1789 1098 1860; x_wconf 88' lang='lat' dir='ltr'><strong>successit.</strong></span> <span class='ocrx_word' id='word_1_59' title='bbox 1117 1788 1210 1856; x_wconf 91' lang='lat' dir='ltr'><strong>Hinc</strong></span> <span class='ocrx_word' id='word_1_60' title='bbox 1226 1811 1361 1856; x_wconf 91' lang='lat' dir='ltr'><strong>rursum</strong></span> <span class='ocrx_word' id='word_1_61' title='bbox 1385 1789 1523 1856; x_wconf 87' lang='lat' dir='ltr'><strong>Ocean-</strong></span> 
     </span>
     <span class='ocr_line' id='line_1_11' title="bbox 290 1891 1573 1990; baseline -0.005 -17"><span class='ocrx_word' id='word_1_62' title='bbox 290 1929 391 1990; x_wconf 76' lang='lat' dir='ltr'><strong>mm,</strong></span> <span class='ocrx_word' id='word_1_63' title='bbox 409 1909 500 1974; x_wconf 81' lang='lat' dir='ltr'><strong>vnde</strong></span> <span class='ocrx_word' id='word_1_64' title='bbox 514 1905 717 1990; x_wconf 71' lang='lat' dir='ltr'><strong>wnarejum</strong></span> <span class='ocrx_word' id='word_1_65' title='bbox 734 1907 759 1970; x_wconf 82' lang='lat'><strong>³.</strong></span> <span class='ocrx_word' id='word_1_66' title='bbox 1565 1891 1573 1910; x_wconf 89' lang='lat'>&#39;</span> 
     </span>
    </p>
   </div>
   <div class='ocr_carea' id='block_1_7' title="bbox 364 2081 1026 2163">
    <p class='ocr_par' dir='ltr' id='par_1_7' title="bbox 364 2081 1026 2163">
     <span class='ocr_line' id='line_1_12' title="bbox 364 2081 1026 2163; baseline -0.005 -12"><span class='ocrx_word' id='word_1_67' title='bbox 364 2083 446 2151; x_wconf 71' lang='grc'><strong>174</strong></span> <span class='ocrx_word' id='word_1_68' title='bbox 471 2103 498 2148; x_wconf 91' lang='lat' dir='ltr'><strong>v</strong></span> <span class='ocrx_word' id='word_1_69' title='bbox 802 2081 1026 2163; x_wconf 76' lang='lat' dir='ltr'><strong>vruunna1J⁴</strong></span> 
     </span>
    </p>
   </div>
   <div class='ocr_carea' id='block_1_8' title="bbox 290 2249 1526 2802">
    <p class='ocr_par' dir='ltr' id='par_1_8' title="bbox 290 2249 1526 2802">
     <span class='ocr_line' id='line_1_13' title="bbox 365 2249 1525 2332; baseline -0.003 -11"><span class='ocrx_word' id='word_1_70' title='bbox 365 2255 446 2321; x_wconf 92' lang='lat' dir='ltr'><strong>Huc</strong></span> <span class='ocrx_word' id='word_1_71' title='bbox 468 2251 549 2319; x_wconf 89' lang='lat' dir='ltr'><strong>veni</strong></span> <span class='ocrx_word' id='word_1_72' title='bbox 568 2273 648 2318; x_wconf 86' lang='lat' dir='ltr'><strong>cunr</strong></span> <span class='ocrx_word' id='word_1_73' title='bbox 672 2252 712 2317; x_wconf 91' lang='lat' dir='ltr'><strong>P.</strong></span> <span class='ocrx_word' id='word_1_74' title='bbox 743 2251 898 2332; x_wconf 88' lang='lat' dir='ltr'><strong>Carrillo;</strong></span> <span class='ocrx_word' id='word_1_75' title='bbox 927 2262 1132 2320; x_wconf 90' lang='lat' dir='ltr'><strong>euocauerat</strong></span> <span class='ocrx_word' id='word_1_76' title='bbox 1163 2250 1254 2320; x_wconf 90' lang='lat' dir='ltr'><strong>enim</strong></span> <span class='ocrx_word' id='word_1_77' title='bbox 1281 2273 1337 2319; x_wconf 89' lang='lat' dir='ltr'><strong>me</strong></span> <span class='ocrx_word' id='word_1_78' title='bbox 1362 2249 1525 2317; x_wconf 91' lang='lat' dir='ltr'><strong>dominus</strong></span> 
     </span>
     <span class='ocr_line' id='line_1_14' title="bbox 291 2363 1526 2455; baseline -0.005 -17"><span class='ocrx_word' id='word_1_79' title='bbox 291 2372 467 2438; x_wconf 85' lang='lat' dir='ltr'><strong>Iohannes</strong></span> <span class='ocrx_word' id='word_1_80' title='bbox 488 2369 666 2435; x_wconf 88' lang='lat' dir='ltr'><strong>Pachecus</strong></span> <span class='ocrx_word' id='word_1_81' title='bbox 685 2368 729 2434; x_wconf 90' lang='lat' dir='ltr'><strong>de</strong></span> <span class='ocrx_word' id='word_1_82' title='bbox 754 2365 965 2435; x_wconf 87' lang='lat' dir='ltr'><strong>aedificando</strong></span> <span class='ocrx_word' id='word_1_83' title='bbox 988 2367 1146 2455; x_wconf 85' lang='lat' dir='ltr'><strong>collegio.</strong></span> <span class='ocrx_word' id='word_1_84' title='bbox 1177 2363 1434 2436; x_wconf 87' lang='lat' dir='ltr'><strong>Humanissime</strong></span> <span class='ocrx_word' id='word_1_85' title='bbox 1460 2385 1526 2432; x_wconf 90' lang='lat' dir='ltr'><strong>nos</strong></span> 
     </span>
     <span class='ocr_line' id='line_1_15' title="bbox 290 2480 1523 2570; baseline -0.004 -18"><span class='ocrx_word' id='word_1_86' title='bbox 290 2483 439 2570; x_wconf 89' lang='lat' dir='ltr'><strong>accepit.</strong></span> <span class='ocrx_word' id='word_1_87' title='bbox 460 2480 628 2551; x_wconf 90' lang='lat' dir='ltr'><strong>Consului</strong></span> <span class='ocrx_word' id='word_1_88' title='bbox 644 2492 682 2547; x_wconf 91' lang='lat' dir='ltr'><strong>vt</strong></span> <span class='ocrx_word' id='word_1_89' title='bbox 696 2481 811 2568; x_wconf 89' lang='lat' dir='ltr'><strong>potius</strong></span> <span class='ocrx_word' id='word_1_90' title='bbox 826 2481 965 2548; x_wconf 88' lang='lat' dir='ltr'><strong>domum</strong></span> <span class='ocrx_word' id='word_1_91' title='bbox 980 2482 1190 2569; x_wconf 90' lang='lat' dir='ltr'><strong>probationis</strong></span> <span class='ocrx_word' id='word_1_92' title='bbox 1201 2482 1408 2563; x_wconf 88' lang='lat' dir='ltr'><strong>institueret,</strong></span> <span class='ocrx_word' id='word_1_93' title='bbox 1421 2502 1523 2568; x_wconf 89' lang='lat' dir='ltr'><strong>quam</strong></span> 
     </span>
     <span class='ocr_line' id='line_1_16' title="bbox 291 2597 1521 2688; baseline -0.003 -19"><span class='ocrx_word' id='word_1_94' title='bbox 291 2599 492 2688; x_wconf 87' lang='lat' dir='ltr'><strong>collegium.</strong></span> <span class='ocrx_word' id='word_1_95' title='bbox 512 2599 590 2665; x_wconf 93' lang='lat' dir='ltr'><strong>Hoc</strong></span> <span class='ocrx_word' id='word_1_96' title='bbox 606 2618 781 2684; x_wconf 89' lang='lat' dir='ltr'><strong>persuaso,</strong></span> <span class='ocrx_word' id='word_1_97' title='bbox 799 2597 889 2664; x_wconf 84' lang='lat' dir='ltr'><strong>facta</strong></span> <span class='ocrx_word' id='word_1_98' title='bbox 904 2609 957 2665; x_wconf 89' lang='lat' dir='ltr'><strong>est</strong></span> <span class='ocrx_word' id='word_1_99' title='bbox 973 2597 1139 2666; x_wconf 85' lang='lat' dir='ltr'><strong>fundatio:</strong></span> <span class='ocrx_word' id='word_1_100' title='bbox 1153 2599 1227 2686; x_wconf 87' lang='lat' dir='ltr'><strong>ipse</strong></span> <span class='ocrx_word' id='word_1_101' title='bbox 1238 2597 1386 2686; x_wconf 86' lang='lat' dir='ltr'><strong>incoepit</strong></span> <span class='ocrx_word' id='word_1_102' title='bbox 1401 2600 1445 2664; x_wconf 91' lang='lat' dir='ltr'><strong>de</strong></span> <span class='ocrx_word' id='word_1_103' title='bbox 1463 2618 1521 2665; x_wconf 89' lang='lat' dir='ltr'><strong>ae·</strong></span> 
     </span>
     <span class='ocr_line' id='line_1_17' title="bbox 290 2713 721 2802; baseline -0.016 -17"><span class='ocrx_word' id='word_1_104' title='bbox 290 2715 410 2784; x_wconf 85' lang='lat' dir='ltr'><strong>dificio</strong></span> <span class='ocrx_word' id='word_1_105' title='bbox 425 2713 592 2802; x_wconf 85' lang='lat' dir='ltr'><strong>cogitare,</strong></span> <span class='ocrx_word' id='word_1_106' title='bbox 609 2723 677 2783; x_wconf 87' lang='lat' dir='ltr'><strong>etc.</strong></span> <span class='ocrx_word' id='word_1_107' title='bbox 698 2716 721 2778; x_wconf 80' lang='lat'><strong>³.</strong></span> 
     </span>
    </p>
   </div>
   <div class='ocr_carea' id='block_1_9' title="bbox 363 2894 1009 2962">
    <p class='ocr_par' dir='ltr' id='par_1_9' title="bbox 363 2894 1009 2962">
     <span class='ocr_line' id='line_1_18' title="bbox 363 2894 1009 2962; baseline -0.002 -1"><span class='ocrx_word' id='word_1_108' title='bbox 363 2894 445 2962; x_wconf 71' lang='lat' dir='ltr'><strong>rto</strong></span> <span class='ocrx_word' id='word_1_109' title='bbox 814 2913 1009 2961; x_wconf 80' lang='lat' dir='ltr'><strong>auuuoura</strong></span> 
     </span>
    </p>
   </div>
   <div class='ocr_carea' id='block_1_10' title="bbox 289 3061 1525 3724">
    <p class='ocr_par' dir='ltr' id='par_1_10' title="bbox 289 3061 1525 3724">
     <span class='ocr_line' id='line_1_19' title="bbox 362 3061 1525 3150; baseline -0.003 -18"><span class='ocrx_word' id='word_1_110' title='bbox 362 3062 430 3132; x_wconf 89' lang='lat' dir='ltr'><strong>Hic</strong></span> <span class='ocrx_word' id='word_1_111' title='bbox 447 3063 589 3130; x_wconf 86' lang='lat' dir='ltr'><strong>miratus</strong></span> <span class='ocrx_word' id='word_1_112' title='bbox 604 3083 680 3128; x_wconf 89' lang='lat' dir='ltr'><strong>sum</strong></span> <span class='ocrx_word' id='word_1_113' title='bbox 697 3061 898 3129; x_wconf 86' lang='lat' dir='ltr'><strong>industriam</strong></span> <span class='ocrx_word' id='word_1_114' title='bbox 910 3063 1003 3132; x_wconf 80' lang='lat' dir='ltr'><strong>&#39;boni</strong></span> <span class='ocrx_word' id='word_1_115' title='bbox 1019 3063 1174 3150; x_wconf 86' lang='lat' dir='ltr'><strong>Siuillanj</strong></span> <span class='ocrx_word' id='word_1_116' title='bbox 1191 3067 1216 3128; x_wconf 79' lang='lat'><strong>⁶.</strong></span> <span class='ocrx_word' id='word_1_117' title='bbox 1244 3066 1350 3132; x_wconf 85' lang='lat' dir='ltr'><strong>Erant</strong></span> <span class='ocrx_word' id='word_1_118' title='bbox 1373 3073 1525 3149; x_wconf 86' lang='lat' dir='ltr'><strong>angusto</strong></span> 
     </span>
     <span class='ocr_line' id='line_1_20' title="bbox 289 3177 1523 3266; baseline 0 -20"><span class='ocrx_word' id='word_1_119' title='bbox 289 3181 384 3260; x_wconf 87' lang='lat' dir='ltr'><strong>looo,</strong></span> <span class='ocrx_word' id='word_1_120' title='bbox 404 3189 555 3265; x_wconf 86' lang='lat' dir='ltr'><strong>angusta</strong></span> <span class='ocrx_word' id='word_1_121' title='bbox 568 3177 713 3246; x_wconf 67' lang='lat' dir='ltr'><strong>ecclesia</strong></span> <span class='ocrx_word' id='word_1_122' title='bbox 727 3178 923 3259; x_wconf 83' lang='lat' dir='ltr'><strong>vtebantur,</strong></span> <span class='ocrx_word' id='word_1_123' title='bbox 938 3179 999 3246; x_wconf 88' lang='lat' dir='ltr'><strong>sed</strong></span> <span class='ocrx_word' id='word_1_124' title='bbox 1012 3179 1160 3246; x_wconf 84' lang='lat' dir='ltr'><strong>fructum</strong></span> <span class='ocrx_word' id='word_1_125' title='bbox 1172 3191 1225 3246; x_wconf 91' lang='lat' dir='ltr'><strong>sat</strong></span> <span class='ocrx_word' id='word_1_126' title='bbox 1237 3179 1386 3266; x_wconf 90' lang='lat' dir='ltr'><strong>amplum</strong></span> <span class='ocrx_word' id='word_1_127' title='bbox 1399 3179 1523 3248; x_wconf 85' lang='lat' dir='ltr'><strong>affere-</strong></span> 
     </span>
     <span class='ocr_line' id='line_1_21' title="bbox 290 3291 1520 3382; baseline -0.003 -19"><span class='ocrx_word' id='word_1_128' title='bbox 290 3297 388 3362; x_wconf 88' lang='lat' dir='ltr'><strong>bant.</strong></span> <span class='ocrx_word' id='word_1_129' title='bbox 412 3295 495 3360; x_wconf 91' lang='lat' dir='ltr'><strong>Erat</strong></span> <span class='ocrx_word' id='word_1_130' title='bbox 515 3293 641 3380; x_wconf 84' lang='lat' dir='ltr'><strong>duplex</strong></span> <span class='ocrx_word' id='word_1_131' title='bbox 661 3315 740 3379; x_wconf 88' lang='lat' dir='ltr'><strong>spes</strong></span> <span class='ocrx_word' id='word_1_132' title='bbox 760 3292 980 3360; x_wconf 84' lang='lat' dir='ltr'><strong>fundationis:</strong></span> <span class='ocrx_word' id='word_1_133' title='bbox 1002 3317 1071 3362; x_wconf 88' lang='lat' dir='ltr'><strong>vna</strong></span> <span class='ocrx_word' id='word_1_134' title='bbox 1092 3317 1113 3362; x_wconf 89' lang='lat' dir='ltr'><strong>a</strong></span> <span class='ocrx_word' id='word_1_135' title='bbox 1132 3299 1294 3382; x_wconf 85' lang='lat' dir='ltr'><strong>parocho,</strong></span> <span class='ocrx_word' id='word_1_136' title='bbox 1311 3294 1430 3374; x_wconf 87' lang='lat' dir='ltr'><strong>diuite,</strong></span> <span class='ocrx_word' id='word_1_137' title='bbox 1449 3291 1520 3379; x_wconf 90' lang='lat' dir='ltr'><strong>qui,</strong></span> 
     </span>
     <span class='ocr_line' id='line_1_22' title="bbox 290 3407 1522 3496; baseline -0.001 -20"><span class='ocrx_word' id='word_1_138' title='bbox 290 3409 405 3476; x_wconf 91' lang='lat' dir='ltr'><strong>diuisa</strong></span> <span class='ocrx_word' id='word_1_139' title='bbox 415 3409 610 3496; x_wconf 84' lang='lat' dir='ltr'><strong>praebenda</strong></span> <span class='ocrx_word' id='word_1_140' title='bbox 625 3407 840 3495; x_wconf 89' lang='lat' dir='ltr'><strong>amplissima,</strong></span> <span class='ocrx_word' id='word_1_141' title='bbox 855 3420 891 3477; x_wconf 90' lang='lat' dir='ltr'><strong>et</strong></span> <span class='ocrx_word' id='word_1_142' title='bbox 901 3407 1057 3479; x_wconf 86' lang='lat' dir='ltr'><strong>instituta</strong></span> <span class='ocrx_word' id='word_1_143' title='bbox 1068 3409 1242 3492; x_wconf 86' lang='lat' dir='ltr'><strong>vicariata,</strong></span> <span class='ocrx_word' id='word_1_144' title='bbox 1255 3412 1380 3478; x_wconf 87' lang='lat' dir='ltr'><strong>bonam</strong></span> <span class='ocrx_word' id='word_1_145' title='bbox 1391 3419 1522 3496; x_wconf 88' lang='lat' dir='ltr'><strong>partem</strong></span> 
     </span>
     <span class='ocr_line' id='line_1_23' title="bbox 292 3522 1502 3612; baseline -0.002 -20"><span class='ocrx_word' id='word_1_146' title='bbox 292 3536 482 3611; x_wconf 86' lang='lat' dir='ltr'><strong>prouentus</strong></span> <span class='ocrx_word' id='word_1_147' title='bbox 495 3525 630 3592; x_wconf 87' lang='lat' dir='ltr'><strong>volebat</strong></span> <span class='ocrx_word' id='word_1_148' title='bbox 641 3524 787 3612; x_wconf 86' lang='lat' dir='ltr'><strong>collegio</strong></span> <span class='ocrx_word' id='word_1_149' title='bbox 799 3525 980 3611; x_wconf 90' lang='lat' dir='ltr'><strong>applicare.</strong></span> <span class='ocrx_word' id='word_1_150' title='bbox 996 3528 1073 3594; x_wconf 91' lang='lat' dir='ltr'><strong>Hoc</strong></span> <span class='ocrx_word' id='word_1_151' title='bbox 1085 3536 1200 3594; x_wconf 84' lang='lat' dir='ltr'><strong>tamen</strong></span> <span class='ocrx_word' id='word_1_152' title='bbox 1216 3547 1284 3594; x_wconf 92' lang='lat' dir='ltr'><strong>non</strong></span> <span class='ocrx_word' id='word_1_153' title='bbox 1297 3522 1473 3594; x_wconf 86' lang='lat' dir='ltr'><strong>successit.</strong></span> <span class='ocrx_word' id='word_1_154' title='bbox 1496 3524 1502 3612; x_wconf 87' lang='grc' dir='ltr'>Ι</span> 
     </span>
     <span class='ocr_line' id='line_1_24' title="bbox 293 3638 1521 3724; baseline -0.003 -15"><span class='ocrx_word' id='word_1_155' title='bbox 293 3639 470 3710; x_wconf 83' lang='lat' dir='ltr'><strong>Successit</strong></span> <span class='ocrx_word' id='word_1_156' title='bbox 485 3641 578 3724; x_wconf 92' lang='lat' dir='ltr'><strong>quod</strong></span> <span class='ocrx_word' id='word_1_157' title='bbox 593 3639 687 3706; x_wconf 87' lang='lat' dir='ltr'><strong>dedit</strong></span> <span class='ocrx_word' id='word_1_158' title='bbox 703 3652 782 3706; x_wconf 88' lang='lat' dir='ltr'><strong>ante</strong></span> <span class='ocrx_word' id='word_1_159' title='bbox 798 3638 941 3720; x_wconf 82' lang='lat' dir='ltr'><strong>obitum,</strong></span> <span class='ocrx_word' id='word_1_160' title='bbox 960 3643 1051 3709; x_wconf 90' lang='lat' dir='ltr'><strong>vnde</strong></span> <span class='ocrx_word' id='word_1_161' title='bbox 1066 3640 1124 3708; x_wconf 88' lang='lat' dir='ltr'><strong>illa</strong></span> <span class='ocrx_word' id='word_1_162' title='bbox 1138 3640 1234 3708; x_wconf 87' lang='lat' dir='ltr'><strong>initia</strong></span> <span class='ocrx_word' id='word_1_163' title='bbox 1249 3651 1331 3709; x_wconf 87' lang='lat' dir='ltr'><strong>aunt</strong></span> <span class='ocrx_word' id='word_1_164' title='bbox 1343 3641 1433 3708; x_wconf 85' lang='lat' dir='ltr'><strong>facta</strong></span> <span class='ocrx_word' id='word_1_165' title='bbox 1447 3641 1521 3708; x_wconf 91' lang='lat' dir='ltr'><strong>col·</strong></span> 
     </span>
    </p>
   </div>
   <div class='ocr_carea' id='block_1_11' title="bbox 288 3898 1522 4774">
    <p class='ocr_par' dir='ltr' id='par_1_11' title="bbox 352 3898 809 3966">
     <span class='ocr_line' id='line_1_25' title="bbox 352 3898 809 3966; baseline 0.004 -14"><span class='ocrx_word' id='word_1_166' title='bbox 352 3901 360 3932; x_wconf 81' lang='lat'><strong>¹</strong></span> <span class='ocrx_word' id='word_1_167' title='bbox 397 3898 465 3966; x_wconf 72' lang='lat' dir='ltr'><strong>Ma,</strong></span> <span class='ocrx_word' id='word_1_168' title='bbox 479 3899 557 3954; x_wconf 59' lang='lat' dir='ltr'><strong>mebi</strong></span> <span class='ocrx_word' id='word_1_169' title='bbox 569 3899 652 3953; x_wconf 81' lang='lat' dir='ltr'><strong>visus</strong></span> <span class='ocrx_word' id='word_1_170' title='bbox 665 3904 708 3954; x_wconf 81' lang='lat' dir='ltr'><strong>est</strong></span> <span class='ocrx_word' id='word_1_171' title='bbox 720 3901 809 3956; x_wconf 78' lang='lat' dir='ltr'><strong>mihi.</strong></span> 
     </span>
    </p>

    <p class='ocr_par' dir='ltr' id='par_1_12' title="bbox 288 3987 1522 4416">
     <span class='ocr_line' id='line_1_26' title="bbox 348 3987 1522 4063; baseline 0.003 -22"><span class='ocrx_word' id='word_1_172' title='bbox 348 3991 360 4021; x_wconf 84' lang='lat'><strong>¹</strong></span> <span class='ocrx_word' id='word_1_173' title='bbox 397 3987 457 4042; x_wconf 86' lang='lat' dir='ltr'><strong>Res</strong></span> <span class='ocrx_word' id='word_1_174' title='bbox 478 3987 599 4058; x_wconf 82' lang='lat' dir='ltr'><strong>collegii</strong></span> <span class='ocrx_word' id='word_1_175' title='bbox 621 3987 837 4059; x_wconf 82' lang='lat' dir='ltr'><strong>villaregiensis</strong></span> <span class='ocrx_word' id='word_1_176' title='bbox 854 3990 885 4044; x_wconf 92' lang='lat' dir='ltr'><strong>in</strong></span> <span class='ocrx_word' id='word_1_177' title='bbox 903 3991 1084 4063; x_wconf 82' lang='lat' dir='ltr'><strong>autographo</strong></span> <span class='ocrx_word' id='word_1_178' title='bbox 1101 3992 1247 4048; x_wconf 85' lang='lat' dir='ltr'><strong>habentur</strong></span> <span class='ocrx_word' id='word_1_179' title='bbox 1263 4000 1333 4046; x_wconf 85' lang='lat' dir='ltr'><strong>ante</strong></span> <span class='ocrx_word' id='word_1_180' title='bbox 1350 3991 1428 4061; x_wconf 84' lang='lat' dir='ltr'><strong>illas,</strong></span> <span class='ocrx_word' id='word_1_181' title='bbox 1445 4007 1522 4062; x_wconf 87' lang='lat' dir='ltr'><strong>quae</strong></span> 
     </span>
     <span class='ocr_line' id='line_1_27' title="bbox 292 4075 1522 4152; baseline 0.002 -21"><span class='ocrx_word' id='word_1_182' title='bbox 292 4075 331 4131; x_wconf 88' lang='lat' dir='ltr'><strong>ad</strong></span> <span class='ocrx_word' id='word_1_183' title='bbox 344 4078 505 4132; x_wconf 85' lang='lat' dir='ltr'><strong>toletanam</strong></span> <span class='ocrx_word' id='word_1_184' title='bbox 517 4077 637 4132; x_wconf 90' lang='lat' dir='ltr'><strong>domum</strong></span> <span class='ocrx_word' id='word_1_185' title='bbox 650 4086 796 4150; x_wconf 81' lang='lat' dir='ltr'><strong>spectant3</strong></span> <span class='ocrx_word' id='word_1_186' title='bbox 807 4087 840 4134; x_wconf 90' lang='lat' dir='ltr'><strong>ut</strong></span> <span class='ocrx_word' id='word_1_187' title='bbox 854 4087 952 4134; x_wconf 88' lang='lat' dir='ltr'><strong>autem</strong></span> <span class='ocrx_word' id='word_1_188' title='bbox 966 4079 1037 4136; x_wconf 92' lang='lat' dir='ltr'><strong>ordo</strong></span> <span class='ocrx_word' id='word_1_189' title='bbox 1051 4077 1276 4152; x_wconf 81' lang='lat' dir='ltr'><strong>chronologicus</strong></span> <span class='ocrx_word' id='word_1_190' title='bbox 1288 4079 1466 4136; x_wconf 86' lang='lat' dir='ltr'><strong>visitationis</strong></span> <span class='ocrx_word' id='word_1_191' title='bbox 1479 4087 1522 4134; x_wconf 88' lang='lat' dir='ltr'><strong>te-</strong></span> 
     </span>
     <span class='ocr_line' id='line_1_28' title="bbox 293 4165 1521 4240; baseline 0.001 -20"><span class='ocrx_word' id='word_1_192' title='bbox 293 4173 425 4236; x_wconf 86' lang='lat' dir='ltr'><strong>neretur,</strong></span> <span class='ocrx_word' id='word_1_193' title='bbox 438 4165 502 4238; x_wconf 83' lang='lat' dir='ltr'><strong>ipse</strong></span> <span class='ocrx_word' id='word_1_194' title='bbox 515 4165 609 4221; x_wconf 82' lang='lat' dir='ltr'><strong>Nadal</strong></span> <span class='ocrx_word' id='word_1_195' title='bbox 623 4185 686 4222; x_wconf 86' lang='lat' dir='ltr'><strong>rem</strong></span> <span class='ocrx_word' id='word_1_196' title='bbox 699 4167 868 4223; x_wconf 88' lang='lat' dir='ltr'><strong>emendavit</strong></span> <span class='ocrx_word' id='word_1_197' title='bbox 880 4176 986 4224; x_wconf 87' lang='lat' dir='ltr'><strong>notans</strong></span> <span class='ocrx_word' id='word_1_198' title='bbox 1003 4170 1102 4226; x_wconf 86' lang='lat' dir='ltr'><strong>littera</strong></span> <span class='ocrx_word' id='word_1_199' title='bbox 1118 4169 1200 4226; x_wconf 81' lang='lat' dir='ltr'><strong>bsol.</strong></span> <span class='ocrx_word' id='word_1_200' title='bbox 1219 4181 1270 4240; x_wconf 87' lang='lat'><strong>174</strong></span> <span class='ocrx_word' id='word_1_201' title='bbox 1291 4189 1321 4224; x_wconf 92' lang='lat' dir='ltr'><strong>v.</strong></span> <span class='ocrx_word' id='word_1_202' title='bbox 1337 4176 1368 4224; x_wconf 92' lang='lat' dir='ltr'><strong>et</strong></span> <span class='ocrx_word' id='word_1_203' title='bbox 1381 4167 1480 4224; x_wconf 88' lang='lat' dir='ltr'><strong>littera</strong></span> <span class='ocrx_word' id='word_1_204' title='bbox 1501 4185 1521 4221; x_wconf 84' lang='lat' dir='ltr'><strong>a</strong></span> 
     </span>
     <span class='ocr_line' id='line_1_29' title="bbox 291 4255 1520 4330; baseline 0.006 -21"><span class='ocrx_word' id='word_1_205' title='bbox 291 4255 344 4310; x_wconf 80' lang='lat' dir='ltr'><strong>fol.</strong></span> <span class='ocrx_word' id='word_1_206' title='bbox 361 4267 410 4324; x_wconf 87' lang='lat'><strong>175</strong></span> <span class='ocrx_word' id='word_1_207' title='bbox 424 4274 448 4311; x_wconf 88' lang='lat' dir='ltr'><strong>r.</strong></span> <span class='ocrx_word' id='word_1_208' title='bbox 462 4255 548 4310; x_wconf 87' lang='lat' dir='ltr'><strong>Hanc</strong></span> <span class='ocrx_word' id='word_1_209' title='bbox 560 4272 615 4310; x_wconf 85' lang='lat' dir='ltr'><strong>nos</strong></span> <span class='ocrx_word' id='word_1_210' title='bbox 628 4256 865 4312; x_wconf 86' lang='lat' dir='ltr'><strong>emendationem</strong></span> <span class='ocrx_word' id='word_1_211' title='bbox 878 4259 1039 4330; x_wconf 89' lang='lat' dir='ltr'><strong>sequimur,</strong></span> <span class='ocrx_word' id='word_1_212' title='bbox 1053 4267 1087 4314; x_wconf 90' lang='lat' dir='ltr'><strong>ut</strong></span> <span class='ocrx_word' id='word_1_213' title='bbox 1103 4260 1134 4314; x_wconf 91' lang='lat' dir='ltr'><strong>in</strong></span> <span class='ocrx_word' id='word_1_214' title='bbox 1151 4259 1253 4315; x_wconf 88' lang='lat' dir='ltr'><strong>ordine</strong></span> <span class='ocrx_word' id='word_1_215' title='bbox 1270 4259 1407 4315; x_wconf 75' lang='lat' dir='ltr'><strong>foliorum</strong></span> <span class='ocrx_word' id='word_1_216' title='bbox 1425 4257 1520 4316; x_wconf 85' lang='lat' dir='ltr'><strong>videri</strong></span> 
     </span>
     <span class='ocr_line' id='line_1_30' title="bbox 288 4351 404 4416; baseline 0 -16"><span class='ocrx_word' id='word_1_217' title='bbox 288 4351 404 4416; x_wconf 62' lang='lat' dir='ltr'><strong>potat</strong></span> 
     </span>
    </p>

    <p class='ocr_par' dir='ltr' id='par_1_13' title="bbox 347 4432 965 4506">
     <span class='ocr_line' id='line_1_31' title="bbox 347 4432 965 4506; baseline 0.003 -18"><span class='ocrx_word' id='word_1_218' title='bbox 347 4433 359 4466; x_wconf 79' lang='lat'>³</span> <span class='ocrx_word' id='word_1_219' title='bbox 394 4433 429 4488; x_wconf 92' lang='lat' dir='ltr'><strong>In</strong></span> <span class='ocrx_word' id='word_1_220' title='bbox 442 4432 494 4488; x_wconf 79' lang='lat' dir='ltr'><strong>iol.</strong></span> <span class='ocrx_word' id='word_1_221' title='bbox 511 4444 561 4503; x_wconf 80' lang='lat'><strong>175</strong></span> <span class='ocrx_word' id='word_1_222' title='bbox 573 4451 604 4488; x_wconf 91' lang='lat' dir='ltr'><strong>v.</strong></span> <span class='ocrx_word' id='word_1_223' title='bbox 619 4433 660 4489; x_wconf 91' lang='lat' dir='ltr'><strong>nil</strong></span> <span class='ocrx_word' id='word_1_224' title='bbox 674 4434 815 4506; x_wconf 88' lang='lat' dir='ltr'><strong>scriptum</strong></span> <span class='ocrx_word' id='word_1_225' title='bbox 828 4436 965 4490; x_wconf 82' lang='lat' dir='ltr'><strong>habetur.</strong></span> 
     </span>
    </p>

    <p class='ocr_par' dir='ltr' id='par_1_14' title="bbox 348 4521 628 4578">
     <span class='ocr_line' id='line_1_32' title="bbox 348 4521 628 4578; baseline 0 -1"><span class='ocrx_word' id='word_1_226' title='bbox 348 4523 361 4556; x_wconf 75' lang='lat'><strong>⁴</strong></span> <span class='ocrx_word' id='word_1_227' title='bbox 396 4521 472 4578; x_wconf 87' lang='lat' dir='ltr'><strong>Vide</strong></span> <span class='ocrx_word' id='word_1_228' title='bbox 485 4529 586 4578; x_wconf 88' lang='lat' dir='ltr'><strong>annot.</strong></span> <span class='ocrx_word' id='word_1_229' title='bbox 601 4536 628 4578; x_wconf 88' lang='lat'><strong>2.</strong></span> 
     </span>
    </p>

    <p class='ocr_par' dir='ltr' id='par_1_15' title="bbox 348 4610 856 4682">
     <span class='ocr_line' id='line_1_33' title="bbox 348 4610 856 4682; baseline 0.002 -16"><span class='ocrx_word' id='word_1_230' title='bbox 348 4613 360 4644; x_wconf 75' lang='lat'>⁵</span> <span class='ocrx_word' id='word_1_231' title='bbox 395 4610 592 4680; x_wconf 64' lang='lat' dir='ltr'><strong>Saeculum,</strong></span> <span class='ocrx_word' id='word_1_232' title='bbox 605 4613 663 4668; x_wconf 91' lang='lat' dir='ltr'><strong>loc.</strong></span> <span class='ocrx_word' id='word_1_233' title='bbox 677 4613 747 4682; x_wconf 79' lang='lat' dir='ltr'><strong>cit,</strong></span> <span class='ocrx_word' id='word_1_234' title='bbox 761 4630 792 4667; x_wconf 90' lang='lat' dir='ltr'><strong>n.</strong></span> <span class='ocrx_word' id='word_1_235' title='bbox 810 4612 856 4682; x_wconf 87' lang='lat'><strong>48.</strong></span> 
     </span>
    </p>

    <p class='ocr_par' dir='ltr' id='par_1_16' title="bbox 349 4698 906 4774">
     <span class='ocr_line' id='line_1_34' title="bbox 349 4698 906 4774; baseline 0.007 -20"><span class='ocrx_word' id='word_1_236' title='bbox 349 4700 363 4734; x_wconf 83' lang='lat'><strong>⁶</strong></span> <span class='ocrx_word' id='word_1_237' title='bbox 397 4698 457 4768; x_wconf 89' lang='lat' dir='ltr'><strong>Sic,</strong></span> <span class='ocrx_word' id='word_1_238' title='bbox 471 4718 524 4774; x_wconf 86' lang='lat' dir='ltr'><strong>pro</strong></span> <span class='ocrx_word' id='word_1_239' title='bbox 537 4701 699 4766; x_wconf 74' lang='lat' dir='ltr'><strong>Sevitlani,</strong></span> <span class='ocrx_word' id='word_1_240' title='bbox 713 4702 761 4757; x_wconf 91' lang='lat' dir='ltr'><strong>hic</strong></span> <span class='ocrx_word' id='word_1_241' title='bbox 774 4711 805 4758; x_wconf 89' lang='lat' dir='ltr'><strong>et</strong></span> <span class='ocrx_word' id='word_1_242' title='bbox 817 4701 906 4758; x_wconf 84' lang='lat' dir='ltr'><strong>infra.</strong></span> 
     </span>
    </p>
   </div>
   <div class='ocr_carea' id='block_1_12' title="bbox 0 0 1816 5380">
    <p class='ocr_par' dir='ltr' id='par_1_17' title="bbox 0 0 1816 5380">
     <span class='ocr_line' id='line_1_35' title="bbox 0 0 1816 5380; baseline 0 0"><span class='ocrx_word' id='word_1_243' title='bbox 0 0 1816 5380; x_wconf 95' lang='lat' dir='ltr'><strong> </strong></span> 
     </span>
    </p>
   </div>
  </div>
 </body>
</html>
