3504 5386
377 421 430 478 522
803 409 908 506 llersr.
928 407 961 462 P.
983 405 1185 478 Ninus-348

379 559 805 648 proscindemutannem
826 561 914 627 inter
935 558 1064 627 medias
1084 581 1202 648 rupes,
1224 580 1304 627 cunr
1319 559 1381 626 uix
1402 580 1463 628 1oo
1475 583 1585 648 m

377 677 431 743 ad,
443 697 542 764 sepes
562 674 802 758 incederimuS,
831 697 874 744 eo
902 675 937 742 in
965 675 1021 742 uia
1037 674 1132 744 iuxta
1151 677 1277 776 flumen
1300 676 1485 743 temulente
1502 675 1583 743 ince-

376 793 492 874 dente,
511 802 652 878 repente
668 790 855 858 amisimus.
875 791 1082 878 Suspicabar
1094 791 1267 858 diabolum
1283 790 1401 873 fuisse,
1419 802 1476 858 aut
1487 792 1584 858 homi-

378 927 456 973 nem
472 907 506 973 in
522 909 650 974 flumen
666 907 859 993 delapsum3
878 929 956 973 nam
972 906 1037 974 nisi
1053 918 1144 976 retro
1158 906 1329 987 cessisset,
1347 906 1511 976 declinare
1526 929 1582 974 000

378 1021 500 1108 potuit;
519 1043 631 1106 neque
648 1021 705 1106 qui
721 1023 963 1107 sequebantur,
988 1042 1099 1106 neque
1122 1021 1179 1106 qui
1203 1021 1463 1107 praecedebant,
1487 1022 1583 1088 homi-

378 1157 527 1221 nemque
542 1136 640 1204 nobis
657 1136 821 1223 congredi
834 1137 1001 1218 uiderant,
1016 1157 1095 1203 curn
1112 1135 1396 1222 perquireremus
1410 1159 1447 1204 se
1458 1135 1585 1223 amplius

376 1273 459 1322 eum
476 1251 602 1319 uidisse
618 1253 826 1334 asserebant3
845 1251 963 1336 sicque
977 1250 1110 1318 liberati
1126 1250 1168 1317 ab
1184 1271 1226 1317 eo
1242 1249 1380 1317 fuimus.
1399 1251 1583 1320 Sacerdotes

377 1367 514 1435 illorum
530 1369 682 1434 locorum
702 1366 862 1434 dicebant
890 1366 1121 1433 Caelestinum
1148 1365 1358 1434 haereticum
1380 1339 1458 1435 euni
1479 1366 1581 1446 luisse,

377 1505 460 1551 nam
475 1483 629 1550 habitum
645 1494 680 1549 et
695 1492 859 1548 staturam
875 1493 910 1550 et
926 1483 1065 1548 barbam
1081 1481 1324 1562 describentes,
1342 1483 1487 1550 exomni
1502 1494 1581 1569 parte

352 1605 354 1610 ’
380 1598 542 1686 cognitus
564 1597 644 1678 fuit,
669 1596 728 1682 qui
750 1619 838 1664 unus
858 1620 901 1666 ex
921 1596 1111 1683 praecipuis
1132 1607 1166 1665 et
1186 1597 1394 1664 doctioribus
1417 1597 1581 1664 iudicatur.

382 1715 478 1780 Haec
494 1713 538 1780 de
554 1713 695 1780 audacia
711 1711 857 1780 hominis
872 1712 1021 1780 scribere
1037 1713 1145 1780 uolui.

366 1849 371 1862 ·
448 1829 640 1916 Collegium
657 1839 811 1895 nostrum
827 1829 973 1896 maxima
988 1812 1156 1896 contraxit
1180 1831 1186 1862 ¹
1212 1829 1337 1895 debita:
1358 1829 1415 1896 uix
1431 1829 1583 1916 egredior,

331 2027 334 2032 Ι
380 1955 502 2030 petunt
529 1943 733 2012 solutionem
762 1943 820 2029 qui
847 1955 984 2012 norunt.
1008 1943 1146 2012 Vtinam
1167 1939 1357 2031 peccuniae
1368 1946 1411 2011 ad
1431 1947 1540 2012 domos
1557 1955 1585 2011 et

376 2059 446 2127 alia
472 2061 546 2128 loca
573 2060 653 2126 data
681 2059 716 2124 in
744 2059 889 2148 collegio
913 2059 1126 2127 mansissent.
1150 2062 1254 2127 Forte
1275 2060 1389 2129 debita
1409 2062 1511 2127 multa
1528 2080 1586 2126 non

381 2187 558 2244 contracta
575 2175 734 2242 luissent:
758 2173 913 2262 cogimur
935 2185 1030 2242 tanto
1049 2175 1178 2260 partius
1202 2174 1336 2256 uiuere,
1359 2189 1393 2244 et
1408 2175 1482 2242 lites
1496 2197 1586 2262 agere

378 2290 472 2375 apud
497 2290 650 2378 regimen
671 2301 706 2356 et
729 2301 901 2370 senatum,
933 2301 968 2358 et
992 2291 1079 2358 forte
1103 2289 1334 2356 fraudabimur
1349 2289 1406 2356 illa
1427 2289 1585 2378 peccunia

379 2403 517 2490 iamque
533 2415 673 2472 senatus
689 2418 808 2472 contra
824 2427 886 2472 nos
901 2403 1105 2472 sententiam
1121 2404 1226 2485 dedit,
1243 2416 1280 2471 ut
1297 2427 1358 2491 pro
1377 2423 1453 2488 700,
1472 2421 1510 2488 50
1521 2415 1586 2469 tan-

382 2535 455 2586 tum
469 2519 711 2607 acciperemus.
728 2520 832 2588 Miror
844 2519 1060 2606 prudentiam
1072 2521 1112 2585 P.
1128 2518 1312 2599 Victoriae,
1327 2519 1385 2606 qui
1398 2538 1483 2603 2400
1493 2522 1524 2588 fl.
1537 2517 1587 2584 'in

379 2657 509 2722 agmen
524 2635 673 2722 lapidum
690 2634 896 2722 sepeliuerit,
917 2635 1007 2702 unde
1022 2633 1166 2700 usurarii
1182 2637 1225 2701 ab
1241 2634 1314 2701 aliis
1331 2634 1436 2702 titulis
1452 2635 1587 2702 nomine-

384 2773 471 2832 mur;
490 2750 569 2817 licet
586 2750 676 2818 enim
693 2771 748 2818 res
765 2749 950 2833 utcumque
965 2747 1120 2816 excusari
1137 2760 1262 2835 posset,
1282 2771 1351 2816 non
1368 2762 1480 2817 tamen
1494 2747 1587 2816 homi·

381 2887 445 2933 nes
460 2865 564 2931 huius
579 2865 685 2933 seculi
702 2863 910 2950 intelligunt,
928 2874 963 2930 et
978 2864 1095 2932 audire
1113 2865 1216 2930 uerba
1228 2866 1335 2931 multa
1346 2875 1484 2933 coactus
1496 2863 1548 2944 lui,
1559 2873 1588 2929 et

382 3003 413 3047 sr
429 2979 622 3048 obedientia
638 3002 707 3046 non
723 2978 859 3061 suisset,
883 3001 926 3046 ne
947 3001 1083 3065 passum
1104 3001 1166 3065 pro
1186 2980 1326 3066 negotio
1341 2979 1399 3047 illo
1416 2981 1520 3048 facere
1535 2999 1587 3044 uo·

383 3095 535 3173 luissem;
551 3097 611 3162 sed
629 3097 755 3161 facturn
769 3095 932 3164 infectum
945 3092 986 3160 iri
998 3093 1128 3180 nequit.
1144 3097 1187 3161 Et
1200 3094 1364 3162 similibus
1377 3098 1479 3164 rebus
1489 3093 1588 3163 odium

383 3211 626 3292 contraximus,
644 3212 736 3296 apud
753 3220 929 3296 magnates
944 3208 1059 3292 etiam,
1074 3220 1108 3278 et
1123 3233 1145 3276 a
1160 3211 1415 3296 quamplurimis
1432 3207 1588 3278 maledici-

382 3349 472 3408 mur;
490 3328 551 3393 sed
568 3325 731 3412 patientia
746 3347 832 3412 opus
848 3335 912 3394 est.

453 3457 484 3526 5.
532 3441 675 3509 inuenio
702 3440 953 3508 difficultatem:
985 3439 1144 3507 uidentur
1170 3441 1362 3527 superiores
1389 3464 1492 3530 aegre
1516 3440 1590 3506 ferre

380 3558 476 3640 quod
487 3555 522 3622 in
536 3554 776 3622 communibus
788 3554 916 3641 regulis
929 3577 996 3622 non
1007 3555 1119 3621 omnia
1130 3577 1229 3642 agam
1242 3556 1330 3622 sicut
1344 3559 1474 3626 fratres.
1487 3559 1588 3630 Certe,

385 3693 496 3756 neque
512 3654 690 3738 commode
706 3691 857 3756 possum,
872 3691 984 3756 neque
1001 3680 1084 3756 puto
1095 3692 1151 3739 me
1161 3673 1226 3737 hac
1238 3669 1273 3736 in
1286 3695 1321 3738 re
1334 3693 1475 3758 peccare
1486 3674 1508 3751 ³,
1522 3690 1590 3736 curu

382 3786 518 3853 uideam
535 3809 609 3868 eos,
628 3784 686 3870 qui
703 3784 862 3851 uidentur
878 3783 942 3851 sibi
960 3785 1125 3872 magistri,
1139 3807 1180 3854 ea
1195 3786 1331 3874 licentia
1347 3787 1453 3870 abuti,
1470 3809 1533 3854 non
1549 3793 1592 3850 tot

384 3899 536 3986 impediti
554 3913 590 3968 ut
607 3923 684 3987 eg03
710 3923 788 3966 nam
810 3912 942 3987 praeter
963 3900 1130 3967 inscitiam
1152 3923 1274 3984 meam,
1297 3904 1404 3970 multa
1427 3901 1592 3988 requirun-

385 4027 452 4096 tur,
468 4027 506 4083 ut
517 4015 713 4096 conciones,
729 4015 903 4094 lectiones,
919 4017 1030 4082 facere
1042 4015 1181 4102 possim,
1196 4037 1260 4085 nec
1272 4039 1372 4084 omne
1385 4029 1514 4104 tempus
1527 4025 1593 4082 stu·

441 4171 448 4202 ¹
487 4168 554 4236 Ms,
565 4167 740 4222 contradix.

438 4259 448 4290 r
486 4256 552 4310 Non
565 4257 642 4310 clare
656 4263 776 4327 apparet
789 4256 882 4326 anst„
897 4256 943 4309 vel
951 4255 1012 4326 fr.,
1028 4255 1169 4326 scriptum
1182 4252 1281 4311 ftrerit.
1336 4310 1338 4323 ,

438 4345 450 4378 ³
486 4345 570 4402 Hanc
583 4344 803 4416 responsionem
821 4342 951 4398 Seidelio
967 4343 1091 4399 dandam
1104 4344 1248 4399 Polancus
1263 4343 1293 4400 in
1306 4345 1436 4416 margine
1449 4361 1499 4400 sue
1518 4358 1594 4397 manu

381 4432 508 4504 scripsit:
524 4431 607 4487 Nelle
617 4449 679 4487 cose
692 4432 846 4488 essentiali
855 4433 904 4487 che
914 4449 974 4486 non
987 4450 1016 4487 se
1030 4433 1054 4486 li
1062 4436 1213 4504 permetiri
1224 4435 1399 4502 manethera·
1411 4434 1479 4490 nell'
1490 4432 1564 4488 altre
1575 4428 1596 4485 il

379 4522 571 4593 prouinciale
584 4538 601 4574 o
612 4525 725 4576 rectore
738 4521 781 4576 εἶν’
796 4522 841 4576 vsi
850 4521 1038 4576 discretione.
1053 4521 1093 4575 Al
1107 4538 1228 4587 mesmo,
1239 4523 1288 4577 che
1300 4528 1414 4578 mostra
1426 4521 1540 4586 liberii,
1552 4519 1595 4576 cite

376 4611 508 4681 procuri
525 4611 739 4675 accomodarsi,
755 4617 812 4664 etc.
