3666 5384
40 13 620 180 ‘ff

730 467 798 539 1558
1328 469 1378 544 ,6³

211 621 420 710 Designauit
436 642 455 706 3
472 621 674 702 cardinales,
690 620 771 688 no
785 621 1050 708 neapolitanum,
1070 622 1326 689 alexandrinum
1344 633 1379 690 et

147 751 357 820 tranensem,
375 758 437 824 per
457 757 544 822 quos
565 734 665 803 facile
683 736 727 802 ad
747 735 859 822 ipsum
881 737 1008 805 referre
1027 757 1218 824 possemus,
1241 737 1270 805 si
1297 736 1380 823 quid

148 862 357 922 occurreret.

217 973 345 1038 Factus
365 966 585 1056 prouincialis
608 968 708 1056 regni
727 949 934 1054 neapolitani
956 971 997 1035 Ρ.
1020 969 1210 1038 Salmeron.
1238 970 1381 1035 Factum

151 1087 296 1156 liberum
313 1089 354 1152 P.
374 1083 524 1152 Araozio
537 1093 576 1148 vt
590 1079 812 1174 alter[utram]
826 1082 1038 1168 prouinciam
1057 1082 1212 1171 eligeret,
1230 1084 1287 1152 vel
1313 1083 1383 1150 Ca-

151 1203 283 1282 stellae,
300 1202 358 1270 vel
374 1199 586 1288 Aragoniae;
603 1197 743 1268 alterius
759 1209 851 1268 esset
866 1197 1086 1286 prouincialis
1102 1201 1143 1266 P.
1162 1202 1298 1266 Barma.

217 1315 427 1404 Designauit
442 1314 626 1402 generalis,
649 1313 802 1381 adhibito
822 1313 966 1381 consilio
986 1313 1219 1383 assistentium
1235 1324 1271 1382 et
1298 1313 1383 1380 alio-

156 1455 240 1513 rum,
259 1431 320 1518 qui
337 1429 494 1518 professi,
517 1429 623 1515 quiue
642 1428 858 1498 coadiutores
874 1439 990 1498 essent
1010 1429 1160 1498 creandi.
1187 1431 1312 1496 Nullus
1333 1437 1385 1496 est

156 1549 368 1636 designatus,
378 1545 491 1632 quiex
503 1545 712 1632 praescripto
723 1544 1006 1612 constitutionum
1018 1567 1088 1612 non
1099 1545 1385 1614 essetadmitten-

156 1667 228 1731 dus.
244 1667 397 1732 Decreta
412 1670 494 1728 sunt
509 1671 653 1747 excepta
668 1659 895 1740 asecretari0,
910 1661 1052 1728 recitata
1071 1661 1077 1750 Ι
1097 1661 1133 1727 in
1144 1659 1387 1749 congregatio-
1465 1697 1467 1702 ·

158 1805 211 1848 ne:
228 1789 352 1867 postea
366 1777 459 1846 edita
473 1798 517 1843 ex
532 1775 599 1844 illis
618 1775 767 1857 schediS,
785 1776 898 1842 soluta
913 1775 1196 1864 congregatione,
1219 1787 1285 1844 etc.

223 1896 283 1962 Ad
298 1895 403 1961 finem
420 1869 581 1979 Augusti¹
589 1894 776 1960 vehemens
792 1895 932 1959 Patrum
944 1891 1119 1959 inclinatio
1135 1893 1178 1960 ad
1190 1894 1389 1960 soluendam

160 2007 478 2098 congregationem:
496 2007 578 2074 inde
597 2008 739 2090 facturn,
761 2016 811 2088 vt,
829 2028 935 2092 quum
956 2007 1010 2093 alij
1031 2007 1290 2095 proposuissent
1309 2028 1390 2074 suas

161 2126 383 2205 dificultates,
400 2144 468 2212 ego
483 2144 554 2189 non
568 2121 814 2209 proposuerim.
835 2125 873 2190 P.
891 2123 1008 2191 Violas
1025 2124 1136 2193 suerat
1152 2122 1289 2208 quidem
1306 2144 1391 2191 euo-

162 2253 259 2308 catus
280 2241 327 2308 ad
348 2239 565 2320 electionem,
588 2239 650 2305 sed
670 2237 767 2306 venit
786 2249 901 2308 tamen
923 2241 966 2305 ad
986 2240 1089 2307 finem
1111 2239 1199 2325 lulij,
1223 2259 1392 2307 excusans

168 2359 257 2441 quod
272 2357 395 2422 literae
418 2355 557 2420 adeum
572 2375 641 2420 non
657 2363 773 2422 essent
787 2355 948 2439 perlatae.
968 2355 1048 2422 Fuit
1071 2377 1091 2422 a
1107 2357 1209 2424 Patre
1226 2354 1390 2443 generali,

168 2473 361 2540 inconsulta
388 2469 669 2557 congregatione,
699 2468 734 2535 in
754 2491 829 2538 eam
858 2468 1032 2550 inductus,
1052 2481 1099 2554 et,
1121 2472 1216 2537 nullo
1244 2471 1393 2540 interce-

168 2591 280 2670 dente,
297 2585 395 2653 dedit
410 2605 475 2650 suo
490 2585 566 2651 loco
580 2584 794 2671 suffragium.
818 2585 899 2652 116
917 2589 955 2651 Ρ.
981 2585 1124 2653 Pontius
1145 2585 1278 2653 Asissio
1299 2586 1394 2654 venit

169 2705 323 2770 Romam:
342 2700 443 2788 petijt
458 2698 568 2766 audiri
583 2722 604 2766 a
623 2699 904 2788 congregatione:
924 2700 971 2767 ita
987 2701 1127 2770 remisse
1145 2701 1243 2782 dixit,
1266 2712 1304 2767 vt
1322 2691 1394 2767 wnon

169 2828 367 2886 censeretur
383 2817 428 2882 ad
441 2814 687 2901 poenitentiam
703 2813 855 2884 rediisse.
870 2819 998 2882 Datum
1011 2827 1064 2884 est
1076 2816 1251 2903 negotium
1267 2818 1303 2882 P.
1326 2819 1393 2883 Pa·

169 2933 301 3000 schasio
318 2942 354 2998 et
370 2930 561 3001 Salmeroni
578 2941 615 2997 vt
633 2932 641 2965 ¹
660 2929 754 2996 illum
770 2943 932 2999 curarent
947 2930 1078 3000 iuuare:
1098 2954 1205 3019 quum
1218 2932 1303 2998 nihil
1314 2954 1395 3018 pro-

172 3050 324 3132 ficerent,
342 3059 464 3134 postea
478 3069 499 3112 a
511 3047 657 3132 quodam
671 3049 774 3113 Patre
791 3046 1008 3134 obiurgatus,
1026 3047 1140 3114 subita
1156 3049 1302 3132 quadarn
1319 3069 1396 3114 mu-

173 3163 296 3231 tatione
312 3162 505 3250 perculsuS,
523 3161 617 3228 venit
637 3163 682 3229 ad
701 3161 1019 3249 congregationem,
1038 3174 1074 3230 et
1089 3163 1137 3230 ita
1148 3185 1245 3231 suam
1262 3165 1397 3251 culpam

174 3281 280 3346 fassus
296 3289 363 3360 est,
381 3289 417 3346 et
432 3278 557 3344 obtulit
571 3276 851 3360 satisfactionem,
866 3288 904 3344 vt
919 3291 1076 3348 censeret
1088 3281 1312 3367 congregatio
1324 3280 1399 3348 eius

173 3393 416 3478 poenitentiam
452 3413 530 3461 esse
559 3391 804 3479 accipiendam.
835 3393 948 3479 Redijt
983 3393 1171 3462 Asissium:
1206 3395 1287 3464 inde
1321 3417 1400 3462 cum

177 3513 212 3574 P.
246 3509 435 3576 Paschasio
454 3507 460 3596 Ι
479 3505 662 3575 Lutetiam.
697 3511 826 3575 Bonam
851 3530 988 3595 operam
1013 3509 1109 3579 dedit
1136 3510 1260 3579 deinde
1282 3509 1401 3580 Socie-

178 3625 233 3690 tati
245 3626 271 3692 ¹.

237 3743 292 3809 De
304 3739 495 3807 mutatione
506 3738 697 3806 sententiae
708 3739 820 3822 Pauli,
835 3751 870 3807 et
886 3743 979 3827 quod
989 3742 1200 3829 praeceperit
1212 3746 1354 3810 chorum
1368 3755 1403 3811 et

177 3856 218 3922 ad
238 3855 424 3924 triennium
445 3875 521 3922 esse
544 3853 752 3940 generalem,
775 3854 903 3922 dictum
930 3866 983 3925 est
1007 3859 1050 3924 ad
1070 3859 1174 3925 finem
1198 3858 1404 3926 scholiorum

54 3973 57 4046 ς
180 3969 476 4037 constitutionum.

243 4085 419 4154 Putabant
442 4082 547 4169 aliqui
567 4083 895 4172 incongregatione
915 4087 1085 4155 actionem
1105 4089 1348 4156 instituendam
1371 4088 1407 4154 in

183 4199 391 4269 Bobadillam
412 4209 448 4269 et
464 4199 640 4282 Pontinm;
664 4199 749 4266 nihil
766 4211 881 4269 tamen
901 4212 1021 4271 contra
1042 4203 1266 4284 Bobadillam,
1289 4215 1409 4272 contra

184 4316 343 4382 Pontium
364 4313 462 4395 nihil,
489 4324 625 4401 praeter
644 4314 680 4382 id
704 4317 797 4400 quod
819 4315 888 4383 dixi
908 4318 952 4384 de
978 4328 1050 4386 tota
1074 4317 1131 4386 illa
1156 4318 1342 4405 tragoedia:
1366 4342 1411 4388 ne

184 4431 327 4496 verbum
343 4430 494 4517 quidem.

189 4545 383 4556 --—-

240 4593 247 4624 ¹
286 4591 355 4656 Mu,
367 4595 400 4646 ut
411 4595 455 4646 vi.

239 4683 250 4712 '
287 4678 484 4750 SaccmtIUS,
498 4681 554 4735 loc.
568 4682 638 4752 cit.,
651 4701 684 4737 u.
703 4693 750 4754 54.
