3544 5390
862 521 966 580 Errsr.
987 519 1020 579 P.
1041 521 1153 581 Nabar

921 617 931 646 ι

402 676 548 765 collegio
563 697 744 745 romano...
764 694 818 744 20.
836 680 965 745 Romae
985 699 1044 764 per
1064 687 1171 746 totam
1191 676 1483 765 quadragesimam
1502 677 1552 746 sui
1567 677 1616 746 in-

402 766 547 848 firmior,
564 765 717 834 laboraui
736 766 827 836 enim
844 766 995 834 febribus
1014 789 1075 852 per
1096 777 1201 835 totam
1217 779 1376 848 estatem,
1394 769 1508 835 dolore
1527 769 1614 855 capi-

403 857 447 924 tis
463 857 606 922 multum
623 857 837 936 molestabat,
861 877 972 940 neque
993 857 1105 922 adhuc
1125 857 1218 924 omni
1237 879 1281 924 ex
1296 867 1391 944 parte
1406 879 1480 924 sum
1495 857 1614 924 libera-

404 957 470 1012 tus.
493 945 596 1033 [Sabi
627 965 655 1013 1.
679 947 875 1030 Antequam
895 947 937 1011 ad
957 943 1161 1015 Societatem
1182 947 1357 1026 uenirem,
1379 967 1513 1032 operam
1539 947 1613 1015 dedi

402 1033 633 1122 philosophiae
643 1045 790 1120 quatuor
804 1037 923 1114 annos,
938 1047 973 1102 et
989 1033 1181 1124 theologiae
1198 1057 1258 1121 per
1274 1056 1379 1101 unum
1395 1057 1528 1102 annum.
1547 1038 1613 1102 Ro·

402 1145 477 1192 mae
494 1145 575 1191 uero
594 1122 710 1190 audiui
730 1122 985 1210 metaphisicam
1001 1125 1065 1190 sub
1081 1125 1167 1191 Rdo.
1188 1127 1289 1193 Patre
1305 1125 1436 1193 Toleto,
1457 1143 1488 1190 2.
1507 1126 1613 1192 Ante·

402 1232 504 1297 quam
521 1211 841 1293 Romamuenirem,
859 1232 993 1298 semper
1009 1211 1057 1280 lui
1072 1235 1188 1280 sanus.
1211 1215 1280 1299 [lV,
1300 1229 1375 1297 754,
1394 1213 1472 1302 755]

472 1321 496 1368 1.
544 1304 658 1369 Vocor
678 1302 822 1368 Thomas
838 1301 1047 1388 Negalienos
1061 1304 1082 1368 ¹.
1096 1320 1127 1368 2.
1144 1303 1265 1370 Habeo
1276 1324 1385 1370 annos
1404 1304 1457 1370 18.
1475 1323 1512 1386 3.
1535 1303 1613 1370 Sum

400 1390 538 1458 natione
556 1391 707 1458 sclauus.
723 1441 752 1455 ..
781 1408 834 1458 12.
858 1390 971 1480 Quam
993 1411 1069 1457 sum
1089 1389 1124 1456 in
1145 1389 1316 1460 Societate
1335 1401 1416 1458 sunt
1431 1402 1521 1460 ante·
1534 1392 1615 1458 duos

400 1501 534 1550 menses
549 1479 654 1566 elapsi
671 1498 690 1546 2
707 1479 800 1546 anni.
824 1480 956 1546 Deinde
970 1501 1045 1546 sum
1067 1491 1225 1566 receptus
1245 1479 1426 1550 Titnauiae
1442 1491 1476 1548 et
1491 1478 1614 1547 exami-

400 1579 513 1652 natus,
532 1579 566 1637 et
581 1566 683 1638 etiam
700 1569 912 1636 Viennae...
941 1582 993 1652 14.
1018 1570 1139 1636 Habeo
1155 1581 1300 1654 quatuor
1315 1568 1477 1638 minores.
1504 1585 1557 1653 15.
1580 1571 1613 1634 ln

400 1660 494 1726 nullo
510 1658 575 1725 allo
590 1657 736 1744 collegio
751 1656 904 1724 habitaui
919 1666 1052 1744 praeter
1067 1661 1148 1724 hoe.
1164 1709 1171 1724 .
1187 1711 1193 1724 .
1217 1653 1258 1725 ln
1275 1659 1368 1725 nulla
1388 1681 1426 1727 re
1440 1679 1515 1725 sum
1538 1679 1613 1744 pro-

400 1759 524 1814 motus.
543 1748 739 1832 Antequam
755 1745 961 1816 Societatem
977 1745 1152 1833 ingressus
1164 1769 1252 1827 sum,
1267 1746 1381 1814 studui
1394 1769 1453 1833 per
1465 1749 1486 1814 6
1497 1767 1610 1826 ann0s;

400 1846 434 1905 et
450 1836 485 1903 in
501 1835 674 1905 Societate
690 1857 750 1922 per
765 1857 870 1901 vnum
886 1845 921 1902 et
938 1835 1008 1904 lere
1022 1835 1212 1903 dimidium.
1236 1837 1429 1922 Numquam
1441 1835 1541 1902 docui
1553 1857 1611 1902 an-

401 1937 538 2011 tequam
564 1947 640 1991 sum
667 1923 842 2010 ingressus
866 1923 1082 1994 Societatem.
1105 1927 1252 1992 Thomas
1272 1926 1425 1994 Selavus.
1451 1926 1525 2011 [lV,·
1540 1925 1610 2008 745]

471 2034 499 2082 1.
546 2015 663 2082 Vocor
693 2013 853 2081 Urbanus
880 2013 1058 2101 Ziffeleus
1093 2032 1128 2080 2.
1156 2015 1276 2082 Annos
1302 2013 1436 2081 circiter
1455 2013 1603 2101 triginta.

401 2123 435 2189 3.
459 2089 605 2172 Natione
621 2123 816 2190 germanus,
839 2101 1043 2188 pataviensis
1066 2103 1102 2191 [i]
1124 2103 1345 2172 Bavariae....
1377 2121 1431 2170 12.
1459 2101 1611 2188 Exceptis

399 2195 535 2260 duobus
551 2192 723 2260 mensibus
741 2193 795 2259 uel
811 2189 956 2272 circiter,
974 2213 1040 2278 ago
1055 2190 1121 2258 iam
1138 2191 1377 2260 duodecimum
1392 2192 1428 2258 in
1445 2189 1612 2261 Societate

399 2305 539 2350 annum.
558 2283 735 2368 Ingressus
752 2280 906 2349 Viennae
922 2280 1095 2360 Austriae,
1112 2281 1364 2349 examinatus...
1388 2299 1437 2364 14.
1454 2281 1612 2352 Sacerdos

399 2381 574 2459 promotus
590 2392 666 2437 sum
683 2372 789 2437 Rome
808 2369 844 2435 in
863 2371 900 2438 S.
918 2371 1052 2458 Joanne
1073 2355 1239 2438 Lateiand
1265 2371 1363 2455 1564.
1396 2386 1447 2455 15.
1471 2369 1534 2437 Fui
1557 2390 1612 2456 per

399 2459 575 2528 dimidium
591 2480 718 2526 annum
736 2463 880 2544 pragae,
899 2457 1007 2526 tribus
1023 2458 1193 2539 Viennae,
1215 2460 1365 2545 quinque
1380 2462 1520 2539 Romae,
1545 2480 1609 2526 me·

399 2549 493 2616 dium
509 2547 665 2635 Neapoli3
683 2547 763 2614 illuc
779 2547 814 2614 in
830 2547 1101 2635 peregrinatione
1115 2547 1255 2616 ueniens
1272 2547 1416 2636 longiori
1428 2549 1545 2615 morbo
1556 2547 1612 2612 de·

307 2707 311 2716 ,
399 2649 525 2712 tentus.
545 2637 775 2707 Concionatus
796 2638 901 2705 ferme
921 2657 981 2723 per
1002 2637 1189 2706 biennium.
1209 2636 1353 2705 Parochi
1369 2637 1462 2705 uices
1477 2638 1513 2705 in
1529 2657 1612 2724 pago

399 2739 469 2795 toto
486 2730 556 2797 sere
576 2731 641 2794 hoc
657 2726 806 2808 biennio;
825 2725 897 2811 jam
913 2747 995 2794 uero
1011 2727 1240 2830 ecclesiastem
1261 2748 1327 2814 ago
1347 2725 1496 2793 ciuitatis
1516 2724 1611 2792 huius

398 2816 635 2904 tyrnauiensis.
651 2819 790 2884 Praeter
801 2812 983 2882 conciones
994 2815 1191 2898 ordinarias,
1204 2814 1272 2882 iam
1288 2815 1473 2885 rhetorices
1484 2814 1610 2903 proles-

397 2907 447 2974 sio
464 2905 544 2973 mihi
560 2905 766 2972 incumbit...
786 2905 841 2972 Ad
855 2903 1038 2990 magisterij
1053 2905 1197 2991 gradum
1208 2914 1382 2992 promotus
1393 2927 1469 2972 sum
1486 2907 1609 2973 Romae

398 2996 572 3063 adoctore
588 2995 772 3062 Emanuele
795 3015 885 3060 anno
907 2994 1001 3078 1561.
1020 2993 1096 3081 [lV,
1116 2995 1192 3082 815]

468 3103 498 3150 1.
533 3085 751 3149 Valerianus.
787 3101 821 3150 2.
849 3081 978 3168 Viginti
1001 3104 1126 3152 nouem
1147 3082 1297 3150 circiter:
1322 3104 1391 3149 non
1412 3083 1505 3150 cert'e
1524 3079 1604 3149 scio.

397 3191 428 3258 3.
447 3171 558 3242 Gallie
574 3171 760 3259 prouincia,
778 3169 993 3258 episcopatus
1012 3171 1205 3253 leodiensis,
1222 3171 1329 3259 patrie
1346 3170 1611 3258 luximborgien-
1727 3156 1736 3182 ⁹

395 3263 482 3330 sis..
503 3264 535 3329 6.
559 3263 598 3328 ln
613 3261 784 3331 Societate
804 3281 909 3330 vnum
933 3261 1043 3330 habeo
1064 3262 1217 3344 fratrem;
1241 3282 1373 3329 sorores
1392 3271 1507 3329 autem
1532 3262 1611 3327 duas

395 3363 532 3438 nuptaS,
550 3362 585 3419 et
599 3352 684 3417 duas
699 3352 802 3416 habet
818 3359 925 3416 mater
941 3351 1031 3436 apud
1046 3355 1104 3419 se.
1116 3366 1148 3432 7.
1173 3348 1300 3418 Partim
1322 3348 1356 3418 in
1376 3350 1499 3436 studijs
1515 3351 1611 3419 Colo-

395 3441 473 3509 niae
488 3451 523 3508 et
538 3439 710 3519 Treueris,
727 3438 850 3526 partim
867 3437 968 3507 etiam
985 3439 1075 3525 apud
1092 3449 1249 3525 parentes
1264 3449 1299 3507 et
1314 3441 1503 3507 auonculos
1523 3450 1611 3506 tran·

396 3531 471 3616 segi
486 3542 632 3617 tempus.
651 3531 683 3595 8.
707 3527 867 3613 Aliquam
887 3527 1119 3596 difficultatem
1138 3528 1173 3594 in
1196 3527 1307 3596 officio
1328 3528 1470 3595 ministri
1492 3527 1608 3608 sentio,

396 3619 452 3686 cui
483 3640 551 3685 non
582 3639 721 3704 possum
751 3617 946 3684 satisfacere
976 3617 1049 3686 sine
1079 3617 1193 3703 aliquo
1224 3616 1348 3684 auxillo
1382 3615 1602 3684 subministri.

397 3708 449 3776 2.⁰
465 3709 556 3793 quod
572 3708 644 3774 sine
660 3708 778 3792 lingua
793 3705 829 3772 in
844 3709 909 3772 hae
924 3706 1032 3792 patria
1043 3727 1171 3774 versor.
1187 3708 1238 3790 3.⁰
1256 3717 1323 3773 tam
1336 3727 1439 3793 prope
1451 3707 1542 3794 apud
1553 3727 1609 3792 pa·

397 3807 521 3866 rentes
537 3799 593 3865 Me
605 3796 767 3863 submitto
779 3794 904 3862 iudicio
916 3794 1143 3864 obedientiae.
1158 3847 1165 3861 .
1181 3846 1187 3860 .
1212 3813 1265 3862 12.
1285 3797 1388 3862 Anno
1399 3795 1608 3882 quinquage-

395 3887 481 3953 simo
496 3887 664 3955 seccondo
680 3883 730 3950 fui
745 3907 765 3951 a
782 3888 883 3953 Patre
905 3885 1091 3952 Leonardo·
1101 3883 1245 3952 Colonie
1260 3893 1433 3971 receptus,
1451 3883 1508 3950 vbi
1531 3895 1607 3950 tunc

395 3998 464 4043 non
481 3975 530 4042 fui
546 3974 769 4054 examinatus
788 3974 849 4042 sed
864 3974 985 4040 Rome.
1000 4025 1029 4039 ..
1062 3992 1116 4055 14.
1145 3975 1230 4043 Sum
1250 3974 1410 4040 sacerdos
1429 3972 1600 4060 indignus.

400 4080 452 4149 15.
476 4064 541 4131 Fui
556 4063 591 4129 in
607 4062 753 4164 collegio
769 4083 921 4144 roman0,
944 4061 1128 4148 genuensi,
1149 4063 1337 4145 lauretano,
1359 4073 1394 4129 et
1413 4058 1607 4130 bononiensi

394 4165 429 4222 et
445 4154 512 4221 iam
528 4163 727 4222 treuerens1.
746 4151 850 4240 [Scia]
867 4152 902 4218 6.
925 4153 1067 4219 Nullum
1083 4151 1228 4238 gradum
1245 4151 1465 4238 promotionis
1481 4155 1600 4218 habeo.

407 4245 466 4324 lV,
487 4245 564 4327 813,
583 4243 661 4325 816]

395 4241 405 4334 l
461 4335 574 4400 Vocor
600 4331 782 4398 Udalrious
802 4329 1010 4416 Musclrkaij.
1034 4331 1156 4410 Habeo
1179 4351 1286 4397 annos
1314 4327 1518 4416 quindecim.
1541 4329 1607 4395 Na·

394 4421 486 4490 tione
501 4441 696 4510 germanus,
715 4418 883 4506 provintia
900 4420 1032 4487 Scuens
1048 4430 1082 4486 et
1097 4419 1226 4505 patriae
1240 4417 1478 4505 ehingensis...
1498 4421 1534 4486 ln
1547 4418 1605 4485 So·

393 4510 516 4579 eietate
533 4509 581 4577 sui
597 4527 657 4596 per
673 4531 801 4577 annum
817 4519 851 4578 et
867 4519 1014 4595 quatuor
1034 4529 1180 4591 menses3
1197 4507 1233 4575 in
1254 4507 1394 4577 Austria
1413 4507 1449 4588 ip
1469 4505 1605 4594 collegio

397 4645 607 4657 ψ

448 4712 456 4746 ¹
484 4707 715 4780 'Autographum
729 4707 818 4764 habet
831 4705 1005 4782 Negalye.⁰³
