3604 5380
783 414 848 482 ¹5⁶1
1033 459 1041 472 ,
1392 425 1428 482 75

264 571 421 638 Fuerunt
447 569 562 656 plures
585 566 828 654 responsiones
846 566 902 634 liic
926 568 1048 647 factae,
1076 587 1178 652 quam
1206 566 1241 632 in
1268 565 1343 651 alijs
1360 568 1429 632 col-

192 682 342 773 egis-t

267 801 370 867 Eram
385 821 455 888 ego
475 807 664 886 occupatus
685 799 722 866 in
736 797 944 881 visitatione,
967 819 1073 884 quum
1093 819 1175 867 ecce
1193 798 1253 864 tibi
1271 797 1368 867 venit
1386 798 1430 864 ad

197 938 256 983 me
284 917 326 984 P.
356 915 574 983 Franciscus
604 916 755 982 Venerat
781 935 825 984 ex
852 914 1002 982 Castella
1029 916 1069 982 P.
1099 913 1297 1000 Sayauedra
1327 915 1354 993 ¹,
1387 913 1430 980 ad

195 1031 303 1099 cuius
321 1032 524 1112 Mutum,
546 1039 680 1098 mutato
698 1029 854 1112 consilio,
875 1029 996 1098 statuit
1017 1011 1157 1097 Romam
1181 1028 1363 1116 proficisci;
1381 1038 1429 1112 et,

194 1157 237 1212 vt
256 1145 448 1234 perieulum
473 1145 611 1226 vitaret,
633 1143 799 1233 nauigare
822 1146 867 1212 ad
888 1144 1079 1232 proximum
1104 1155 1241 1232 portum
1265 1144 1429 1212 Baionae.

195 1263 285 1331 lnde
301 1283 362 1348 per
376 1261 538 1344 Galliam,
557 1271 629 1328 tum
646 1263 789 1329 Romam
805 1261 1023 1329 contendere.

266 1379 357 1464 Ego,
370 1399 477 1463 quum
489 1397 601 1445 essem
613 1374 725 1443 iturus
740 1375 776 1442 in
789 1376 985 1457 Castellam,
1004 1375 1234 1445 necessarium
1245 1375 1328 1442 duxi
1344 1375 1432 1444 m
1484 1449 1487 1456 ,

193 1493 247 1558 ita
261 1513 319 1560 me
334 1493 379 1560 de
394 1495 458 1560 hac
474 1491 583 1562 itione
597 1512 713 1579 agere,
731 1501 770 1558 vt
784 1511 919 1578 semper
933 1502 1025 1559 esset
1040 1489 1123 1558 mihi
1139 1490 1312 1578 integrum
1325 1491 1432 1578 profi-

194 1607 264 1677 teri
280 1629 323 1675 ac
338 1607 452 1675 iurare
468 1629 523 1674 me
539 1617 680 1674 auctore
695 1606 791 1672 illum
807 1628 877 1673 non
893 1627 969 1674 esse
989 1607 1192 1692 protectum,
1214 1607 1271 1674 vel
1286 1627 1433 1674 consen-

195 1723 321 1806 tiente3
340 1744 410 1789 non
425 1721 578 1809 potuisse
595 1731 710 1790 tamen
724 1721 901 1808 impedire,
919 1722 1011 1807 quod
1026 1720 1118 1789 eain
1134 1743 1172 1791 re
1191 1721 1265 1808 ipse
1281 1721 1434 1807 accepis-

197 1851 255 1906 set
271 1863 294 1907 a
310 1841 348 1906 Ρ.
366 1837 520 1925 generali
532 1837 736 1907 libertatem.

269 1955 465 2041 Acceperat
479 1952 596 2020 literas
611 1974 632 2018 a
648 1954 689 2019 P.
709 1954 838 2039 Layne,
855 1952 915 2037 qui
926 1952 1098 2038 jntellexit
1116 1952 1253 2040 probari
1276 1952 1334 2020 illo
1355 1973 1435 2038 pro-

197 2068 401 2140 tectionem:
419 2078 598 2156 acceperat
613 2069 720 2138 breue
736 2067 972 2154 apostolicum,
992 2089 1060 2152 quo
1074 2070 1298 2150 euocabatur,
1316 2067 1434 2152 inquo

194 2187 288 2252 illud
299 2207 368 2272 ego
380 2183 566 2252 noluissem
578 2203 789 2270 expressum:
804 2181 1002 2270 petentibus
1018 2182 1181 2251 cardinali
1197 2182 1389 2252 ferrariensi
1408 2181 1414 2270 Ι

194 2313 234 2368 et
254 2304 296 2368 P.
316 2303 435 2387 Layne
451 2319 528 2368 esse
543 2319 758 2367 concessum.

268 2416 358 2483 Dico
385 2414 492 2502 igitur
512 2410 560 2480 illi
582 2423 622 2479 vt
642 2413 717 2500 ipse
736 2435 796 2500 per
816 2435 853 2480 se
873 2424 1014 2481 statuat:
1037 2436 1092 2482 me
1113 2435 1185 2481 non
1206 2435 1306 2501 posse
1326 2412 1436 2499 impe-

195 2531 279 2598 dire
296 2532 322 2596 ³.

271 2645 476 2725 Confirmat,
491 2667 579 2729 quae
606 2653 786 2727 statuerat,
816 2643 992 2732 nauigare.
1022 2646 1062 2712 ln
1096 2665 1171 2711 eam
1207 2666 1278 2713 rem
1313 2645 1437 2732 accipit

201 2761 364 2848 Ljonello
381 2763 424 2828 de
440 2760 537 2828 Lima
552 2771 587 2828 et
602 2778 669 2842 400
690 2775 721 2830 Δ
743 2782 787 2827 ex
802 2759 869 2826 illis
885 2762 925 2827 Ρ.
945 2759 1079 2846 Ignatii.

274 2867 440 2963 Nauigat,
458 2877 520 2943 sed
536 2890 590 2942 20
608 2875 664 2942 die
679 2874 826 2942 afflictus
842 2873 946 2941 nimia
962 2875 1108 2943 iactione
1123 2885 1159 2944 et
1170 2876 1256 2956 salo,
1270 2886 1306 2943 et
1317 2876 1391 2962 ipse
1401 2887 1438 2942 et

201 2993 290 3079 socij
308 2991 396 3059 redit
418 2993 461 3059 ad
489 2991 527 3059 S.
557 2989 680 3058 Felicis
697 2991 721 3056 ³.
740 2991 825 3060 Inde
844 2989 1017 3078 significat
1038 3013 1099 3077 per
1119 2990 1247 3075 literas,
1270 3013 1307 3058 se
1319 2999 1437 3076 'quan-

200 3107 390 3194 doquidem
407 3129 478 3175 non
493 3104 659 3176 successit
674 3104 868 3194 nauigatio,
886 3105 952 3174 iter
967 3106 1217 3193 ingressurum,
1234 3119 1273 3174 vt
1288 3130 1349 3195 per
1369 3108 1438 3175 Ca-

202 3223 342 3292 stellam
358 3235 426 3293 eat.

274 3339 364 3406 Ηθ
409 3340 640 3406 Vehementer
662 3349 698 3405 et
732 3336 815 3404 mihi
837 3347 872 3405 et
893 3336 967 3422 alijs
989 3337 1149 3406 Patribus
1174 3337 1349 3426 displicuit
1373 3341 1439 3406 hoc
1474 3413 1477 3420 ,

201 3454 401 3537 consilium,
416 3454 508 3539 quod
524 3451 708 3521 incertum
724 3451 913 3539 periculum
931 3474 970 3522 se
983 3451 1158 3522 videretur
1172 3453 1353 3540 conijcere.
1373 3455 1436 3536 lta,

203 3570 336 3638 auditis
353 3568 526 3648 Patribus,
544 3589 564 3634 e
585 3567 733 3656 uestigio
753 3567 865 3636 missis
885 3567 1005 3652 literiS,
1028 3568 1303 3638 constantissime
1322 3569 1440 3638 disua-

204 3689 277 3754 deo
292 3684 550 3772 profectionem,
569 3694 672 3770 atque
688 3682 790 3752 etiam
806 3683 898 3750 illam
918 3683 1084 3770 improbo.
1109 3685 1183 3752 Has
1203 3683 1319 3754 literas
1341 3685 1442 3752 mitto

205 3804 254 3869 ad
270 3801 379 3880 illum,
397 3821 499 3869 seruo
514 3801 605 3887 apud
621 3821 676 3866 me
692 3799 885 3886 exemplum
902 3798 1121 3886 obsignatum
1137 3824 1158 3868 a
1173 3823 1229 3870 me
1244 3811 1279 3870 et
1295 3799 1442 3870 aPatri-

204 3921 288 4000 bus,
307 3915 434 4001 quibus
448 3914 627 4001 probarem
644 3913 728 3981 nihil
745 3912 891 3982 attinere
905 3915 961 3983 vel
972 3916 1017 3981 ad
1027 3936 1094 3996 me,
1109 3916 1164 3983 vel
1176 3917 1219 3983 ad
1234 3915 1450 3985 Societatem·

204 4035 302 4101 illam
317 4031 472 4100 itionem.

276 4146 419 4216 Etiamsi
427 4146 512 4214 nihil
523 4157 577 4214 est
588 4168 705 4216 morae
717 4145 866 4233 positum
879 4147 914 4214 in
921 4146 1110 4215 scribendis
1129 4147 1136 4236 Ι
1155 4157 1191 4217 et
1202 4145 1377 4215 mittendis
1388 4147 1443 4214 his

200 4265 329 4348 literis,
348 4274 463 4330 tamen
484 4284 554 4330 non
574 4261 688 4349 potuit
707 4262 850 4330 nuntius
877 4263 972 4329 illum
999 4263 1177 4351 consequi;
1208 4261 1322 4330 statim
1350 4261 1442 4330 enim

265 4459 274 4492 ¹
314 4453 440 4526 Sic,pro
454 4451 624 4508 Soovodra.

262 4551 274 4581 ¹
313 4543 512 4612 siccamus,
525 4542 581 4596 loo.
595 4541 659 4610 cit,
673 4557 702 4597 n.
716 4552 760 4594 21.

264 4636 278 4668 ³
317 4634 386 4702 lln,
402 4631 548 4688 Ficilicir.
