3478 5384
373 451 429 522 314
797 449 900 504 Eetsr.
920 445 954 502 P.
975 444 1178 515 Naum—287

374 609 485 673 anche
503 607 531 672 s'
549 606 568 672 ὁ
584 604 664 670 dato
679 599 845 689 principio
860 621 879 667 a
895 601 1009 686 quello
1024 599 1060 666 di
1076 599 1213 666 Tolosa.
1231 597 1456 666 Domandano
1475 609 1592 685 gente,

284 711 289 732 '
373 733 411 792 et
426 721 547 790 adesso
562 721 605 788 de
621 721 728 786 Roma
740 716 814 786 selli
825 716 995 783 mandano
1006 717 1051 797 X,
1060 723 1095 781 et
1107 715 1172 782 alla
1183 715 1231 781 fin
1244 714 1332 781 della
1348 723 1457 783 estate
1468 714 1594 782 andare

376 837 400 903 il
416 839 457 904 Ρ.
476 833 630 904 Oliuerio
646 855 714 900 con
729 831 818 899 altri.

441 971 474 1035 4.
523 953 590 1018 Per
615 951 736 1018 lettere
755 947 791 1015 di
812 962 853 1033 25
867 945 909 1014 di
937 945 1053 1034 Magio
1072 946 1107 1013 di
1126 944 1283 1014 Louanio
1303 943 1513 1012 intendiamo
1533 946 1595 1012 che

373 1068 455 1154 quel
469 1076 588 1134 senato
603 1064 661 1152 gia
672 1084 731 1134 era
747 1063 896 1131 resoluto
907 1062 951 1129 de
962 1071 1112 1131 accettar
1123 1061 1159 1127 in
1171 1061 1252 1128 tutti
1267 1060 1291 1126 li
1306 1059 1436 1128 modiil
1451 1058 1595 1148 collegio

375 1192 504 1265 nostro,
521 1193 556 1249 et
572 1181 684 1247 dando
700 1177 819 1266 agiuto
834 1200 895 1265 per
910 1179 943 1245 la
969 1176 1234 1258 sustentatione,
1264 1177 1396 1245 benche
1423 1174 1595 1243 rioercaua

373 1295 560 1364 conditioni
583 1295 718 1364 diuerse
742 1315 802 1380 per
826 1294 931 1363 ueder
954 1314 992 1360 se
1014 1291 1124 1378 potria
1149 1301 1283 1360 ottener
1304 1291 1474 1376 qualcuna
1494 1312 1594 1357 senza

371 1413 497 1499 quelle,
515 1413 596 1498 perb
612 1409 769 1477 scriueno
784 1411 956 1477 accettara
970 1406 993 1473 il
1009 1406 1156 1494 collegio
1174 1409 1196 1473 ¹.
1211 1405 1256 1474 Di
1268 1427 1336 1493 qua
1351 1405 1425 1473 selli
1441 1407 1462 1473 e
1477 1404 1593 1474 scritto

375 1526 495 1594 stiamo
516 1526 595 1593 forti
616 1547 635 1592 a
654 1547 725 1592 non
748 1535 897 1594 accettar
918 1521 1114 1590 conditione
1139 1521 1245 1588 niune
1265 1523 1328 1588 che
1354 1543 1422 1588 non
1445 1542 1486 1588 ce
1507 1519 1592 1589 torni

371 1643 472 1710 bene.
496 1643 574 1708 Non
595 1662 649 1710 me
668 1640 827 1709 stenderb
847 1640 883 1706 in
903 1641 1000 1706 altro.
1024 1641 1068 1706 N.
1093 1640 1133 1704 P.
1157 1635 1327 1723 preposito
1348 1648 1383 1703 et
1404 1635 1485 1702 tutti
1500 1637 1532 1704 ci
1548 1636 1592 1704 ri-

371 1755 641 1824 commandiamo
661 1756 751 1826 nelle
771 1754 915 1823 orationi
938 1776 961 1840 y
980 1751 1135 1821 sacrificii
1156 1751 1191 1819 di
1210 1755 1254 1821 V.
1278 1753 1318 1820 R.
1341 1774 1363 1838 y
1384 1752 1428 1820 de
1452 1762 1543 1820 tutto
1562 1753 1592 1820 el

370 1871 518 1960 collegio
533 1872 729 1940 viennense.
749 1870 794 1938 Di
810 1872 949 1950 Trento,
967 1868 992 1934 li
1005 1887 1046 1936 22
1059 1867 1094 1934 di
1110 1868 1208 1956 Iunio
1229 1868 1324 1952 1563.

941 2125 1030 2188 28?

725 2280 758 2336 P.
779 2276 959 2350 Jonuuas
978 2277 1031 2332 ne
1049 2274 1238 2335 Ponnuco

849 2439 886 2476 ex
904 2419 1111 2476 commissione

563 2491 748 2616 PATRI
781 2547 1153 2616 HIERONYMO
1189 2546 1398 2614 NADAL

770 2701 930 2758 cuneum,
948 2700 984 2742 22
995 2699 1074 2754 Juun
1089 2685 1157 2754 1563
1169 2690 1191 2743 ¹.

401 2813 447 2870 De
467 2815 573 2870 Patris
592 2811 731 2869 Adriani
749 2814 934 2884 exemptione
951 2813 989 2866 ab
1005 2812 1172 2866 obedientia
1188 2813 1381 2883 superiorum
1403 2811 1552 2876 omnium,

630 2903 723 2956 etiam
732 2901 973 2974 prouincialium
986 2905 1014 2956 et
1027 2901 1316 2956 commissariorum.

432 3027 469 3097 Si
485 3027 595 3094 scriue
612 3028 644 3094 al
661 3029 700 3094 P.
720 3027 821 3094 Natal
837 3037 871 3093 et
886 3027 920 3093 al
937 3029 976 3092 P.
996 3000 1167 3092 Everardo
1180 3027 1191 3060 ³
1204 3024 1292 3094 della
1305 3025 1522 3112 exemptione
1533 3025 1585 3092 del

364 3141 406 3210 P.
422 3142 574 3210 Adriano
585 3143 611 3208 ⁴.

419 3332 427 3364 ¹
465 3327 540 3384 Vide
554 3328 641 3400 epist.
657 3329 720 3396 268,
733 3346 766 3383 n.
782 3339 810 3397 73
822 3337 852 3384 et
866 3329 929 3398 281,
942 3346 975 3383 n.
993 3341 1037 3382 12.

416 3422 427 3452 ²
464 3417 508 3472 Ex
526 3417 668 3488 Regesto,
684 3415 758 3472 cod.
778 3431 810 3488 33
828 3417 873 3488 d),
892 3417 922 3471 ii.
937 3416 982 3482 86,
1002 3415 1046 3485 87.
1070 3415 1132 3470 Sub
1145 3415 1223 3470 diem
1245 3428 1278 3470 22
1301 3414 1382 3486 Junii
1403 3415 1434 3470 in
1454 3415 1582 3487 Regesto

364 3505 473 3561 mentio
485 3506 518 3561 fit
531 3505 568 3561 de
586 3505 710 3578 epistole
727 3507 782 3561 hac
794 3505 842 3561 die
860 3505 896 3561 ad
915 3505 1048 3560 Natalem
1063 3504 1140 3560 data.
1159 3505 1226 3576 Ipsa
1238 3522 1309 3560 vero
1327 3505 1450 3576 epistola
1467 3505 1509 3561 ibi
1525 3521 1580 3560 non

362 3595 517 3668 reperitur,
531 3595 583 3650 sed
596 3595 696 3650 brevis
709 3595 847 3651 indicatio
860 3595 1026 3666 argumenti
1039 3594 1130 3665 illius,
1141 3602 1173 3650 ut
1186 3611 1273 3666 supra
1285 3595 1419 3649 habetur.

354 3716 357 3724 ·
416 3686 427 3718 ⁵
463 3685 532 3756 Ms,
553 3685 696 3739 Verardo.

414 3771 426 3804 ⁴
461 3773 494 3832 Ρ.
509 3772 655 3828 Adrianus
670 3773 894 3844 Adrlaenssens,
908 3771 945 3827 de
959 3790 1017 3845 quo
1030 3789 1117 3844 saepe
1128 3771 1238 3827 dictum
1249 3779 1294 3826 est
1308 3771 1338 3827 in
1350 3771 1396 3826 his
1408 3771 1579 3828 Monum-

361 3871 420 3917 Tls.
434 3863 477 3917 En
491 3863 616 3934 epistola
628 3861 665 3916 ad
678 3861 774 3933 ipsum
786 3878 803 3915 a
816 3861 953 3929 Polanco,
963 3860 1081 3916 nornine
1091 3861 1186 3916 Patris
1196 3859 1315 3930 Laium,
1325 3860 1404 3916 data:
1415 3860 1466 3914 «P.
1481 3859 1579 3915 Adria·

360 3950 508 4006 no.-Pax
521 3950 591 4021 Xpi.
608 3979 624 3988 -
633 3950 807 4006 Reverende
818 3950 916 4005 Pater.
928 3950 1052 4022 Accepit
1063 3950 1150 4004 Pater
1164 3957 1263 4005 noster
1275 3948 1456 4022 praepositus
1469 3948 1578 4004 litteras

361 4051 395 4109 25
408 4039 477 4110 Maji
490 4039 584 4110 datas,
598 4047 629 4095 et
642 4057 678 4094 ex
692 4039 750 4095 illis
763 4048 793 4094 et
805 4039 870 4095 aliis
884 4038 1088 4110 prolixioribus
1099 4039 1238 4110 colligere
1249 4037 1343 4110 potuit
1354 4037 1432 4110 quod
1445 4035 1579 4110 expediat

360 4128 424 4183 Ru
436 4129 529 4182 Tuam
547 4130 584 4183 ab
601 4129 769 4184 obedientia
779 4129 915 4206 ,omnium
929 4129 1050 4183 aliorum
1063 4129 1259 4200 superiorum,
1273 4127 1335 4182 siue
1349 4126 1577 4198 prouincialium,

357 4216 423 4271 siue
435 4217 700 4274 commissariorum
717 4217 858 4289 eximere,
872 4225 902 4273 et
919 4218 976 4274 sibi
996 4218 1166 4274 immediate
1185 4218 1232 4272 uel
1250 4217 1382 4288 generali
1405 4215 1576 4288 praeposito,

357 4305 535 4378 quicumque
545 4305 602 4373 sibi
614 4305 801 4378 successerit,
812 4323 973 4375 reseruare;
985 4306 1022 4362 de
1032 4307 1068 4362 iis
1081 4305 1285 4376 intelligendo,
1295 4321 1371 4378 quae
1380 4305 1415 4360 ad
1427 4321 1576 4377 personatu

359 4393 428 4447 Rae
444 4393 514 4449 Vae
528 4394 685 4466 pertinent;
697 4413 755 4451 non
765 4395 802 4450 de
812 4395 860 4468 iis,
870 4413 945 4468 quse
955 4396 992 4450 ad
1001 4395 1157 4466 collegium
1168 4395 1224 4467 ipsi
1234 4394 1432 4463 commissum3
1443 4393 1576 4466 quoniam

359 4482 436 4536 bona
448 4481 511 4536 eius
524 4483 702 4552 gubernatio
711 4484 805 4555 exigit
819 4493 851 4540 ut
863 4483 1132 4540 subordinationem
1145 4485 1252 4539 habeat
1266 4497 1333 4538 cum
1346 4483 1411 4538 aliis
1424 4482 1576 4555 praedictis

356 4569 567 4642 superioribus5
578 4572 631 4626 sed
641 4575 738 4628 nullus
748 4590 860 4646 eurum,
871 4573 901 4629 in
912 4573 959 4645 iis,
968 4591 1044 4646 quae
1053 4573 1091 4628 ad
1103 4589 1258 4645 personam
1268 4573 1339 4627 ΡΜ
1352 4572 1422 4627 Rae
1435 4579 1573 4645 spectant,

356 4657 513 4731 quicquam
535 4660 655 4717 iubendi
672 4661 842 4719 facultatem
863 4662 994 4731 habebit;
1013 4670 1044 4718 et
1061 4663 1102 4718 ita
1119 4662 1162 4718 eis
1184 4661 1407 4733 significabitur.
1429 4661 1574 4717 Secretam
