3544 5390
771 758 805 826 X

536 886 540 893 '
556 900 590 956 Ρ.
604 897 853 958 FRANCISCUS
867 897 1020 958 cosma

534 1047 640 1096 PATRI
677 1046 900 1096 SEBASTIANO
936 1045 1049 1096 ROMEI

608 1167 726 1240 collegii
738 1167 849 1224 romani
862 1167 969 1224 rectori

470 1293 649 1376 Coloniae,
682 1313 720 1378 13
748 1294 948 1362 Decembris
980 1295 1062 1377 1562
1092 1295 1113 1360 ¹.

174 1426 304 1484 Fructus
316 1443 352 1482 ax
361 1425 483 1484 Natalis
492 1427 675 1492 visitatione,
686 1428 720 1482 in
732 1427 858 1500 collegio
868 1425 1030 1504 coloniensi
1040 1431 1181 1484 recenset:
1191 1431 1304 1485 statum
1317 1429 1404 1486 illius

648 1515 768 1590 collegii
781 1516 934 1574 describit.

144 1657 147 1664 ·
243 1633 373 1702 Doctor
389 1634 553 1702 Costerus
568 1633 612 1700 ad
632 1643 798 1702 rectorem
819 1633 955 1721 collegii
975 1633 1105 1700 romani
1121 1633 1177 1703 die
1193 1652 1235 1719 ⁴13
1256 1638 1403 1704 Decem-

177 1721 248 1788 bris
263 1745 319 1790 an.
338 1723 396 1790 62.
420 1725 597 1809 Quantum
612 1723 656 1788 ad
671 1732 825 1790 nostrum
842 1723 1023 1810 collegium
1046 1721 1167 1808 attinet
1184 1726 1269 1793 haec
1286 1725 1404 1811 paucis

176 1811 307 1898 accipe.
329 1814 486 1879 Fratrum
508 1833 699 1893 numerum,
718 1811 776 1898 qui
798 1811 964 1880 Coloniae
978 1811 1148 1894 habitant,
1174 1833 1281 1898 usque
1297 1814 1340 1879 ad
1357 1829 1399 1898 57

178 1901 387 1984 excrevisse3
408 1900 497 1982 inter
518 1921 604 1988 quos
623 1903 738 1968 nullus
757 1911 821 1983 est,
844 1901 902 1988 qui
923 1923 991 1968 non
1007 1901 1073 1969 Dei
1092 1903 1259 1970 beneficio
1275 1902 1403 1990 optime

178 2012 218 2056 se
233 1999 342 2078 gerat.
362 1993 417 2072 Et,
436 2001 474 2057 ut
490 1989 525 2056 in
540 1989 686 2078 gratiam
706 1989 951 2059 coloniensium
967 1991 1120 2072 fratrum,
1139 1990 1197 2076 qui
1214 1991 1290 2058 istic
1306 2003 1399 2074 sunt,

178 2079 395 2165 particularia
415 2079 600 2166 attingam,
622 2080 732 2160 multi,
755 2081 814 2164 qui
834 2081 878 2146 ob
898 2091 1076 2167 parentum
1097 2102 1238 2148 suorum
1258 2102 1403 2149 consen-

176 2189 268 2250 sum,
287 2189 390 2253 quem
402 2171 553 2236 nondum
566 2168 798 2252 obtinuerant,
813 2169 908 2235 uelut
919 2169 1050 2236 externi
1062 2169 1117 2236 hic
1129 2171 1290 2257 agebant,
1309 2190 1402 2239 nunc

176 2257 282 2324 etiam
298 2256 418 2324 habitu
431 2257 614 2327 Societatis
624 2269 781 2338 utuntur,
795 2259 888 2326 velut
904 2268 955 2326 est
971 2260 1147 2326 Arnoldus
1165 2259 1315 2340 BemiuS,
1330 2259 1401 2346 qui,

178 2347 279 2414 factis
294 2347 442 2414 maximo
459 2348 571 2414 fructu
587 2347 819 2434 spiritualibus
834 2347 1016 2430 exercitiis,
1034 2347 1069 2414 in
1085 2349 1160 2416 loco
1176 2349 1219 2415 ad
1235 2348 1269 2416 id
1285 2359 1403 2436 parato

175 2447 292 2504 vestes
305 2437 409 2504 habet
428 2436 624 2506 Societatis:
648 2437 747 2503 cuius
767 2447 874 2524 pater,
899 2457 978 2504 cum
998 2438 1067 2505 huc
1088 2437 1251 2518 uenisset,
1270 2449 1304 2507 et
1324 2459 1403 2506 eum

176 2524 213 2592 in
229 2547 322 2594 nouo
337 2525 457 2593 habitu
477 2525 628 2607 vidisset,
648 2535 757 2593 totum
778 2526 889 2612 ipsum
909 2525 1073 2595 Societati
1090 2525 1194 2596 dedit.
1213 2528 1307 2596 Idem
1322 2549 1402 2595 cum

172 2617 307 2704 Joanne
322 2617 502 2684 Zantheno
522 2625 557 2683 et
576 2615 712 2684 Siberto
733 2618 945 2682 Brunchorst
964 2625 1078 2683 actum
1100 2627 1164 2700 est,
1182 2615 1240 2701 qui
1257 2616 1403 2684 maxima

177 2703 370 2771 animorum
392 2726 532 2771 suorum
553 2704 783 2773 consolatione
801 2705 954 2773 uestibus
973 2705 1166 2789 Societatis,
1184 2705 1282 2773 factis
1304 2729 1403 2775 exer-

177 2791 280 2875 citiis,
296 2804 451 2861 utuntur.
467 2793 713 2860 Exercitiorum
726 2791 921 2861 cubiculum
933 2815 1081 2862 uacuum
1093 2816 1162 2861 non
1174 2806 1226 2880 est
1239 2816 1401 2880 unquam.

143 2935 146 2942 .
177 2884 317 2951 Fratres
343 2904 462 2950 omnes
488 2882 651 2970 paulatim
674 2905 714 2952 ea
735 2881 875 2966 faciunt,
898 2894 934 2951 et
953 2884 1136 2951 maximum
1157 2883 1349 2971 experimur
1369 2884 1404 2952 in

177 2971 245 3038 illis
262 2973 423 3040 fructum.
441 2973 626 3059 Nunquam
641 2971 732 3040 enirn
752 2972 822 3038 vidi
842 2972 1024 3060 collegium
1039 2976 1105 3040 hoc
1120 2973 1242 3040 melius
1264 2995 1404 3061 compo-

177 3061 295 3143 situm,
314 3082 416 3146 quam
436 3061 481 3128 sit
499 3063 616 3128 modo:
639 3061 840 3129 benedictus
859 3063 966 3130 Deus,
989 3064 1022 3129 A
1043 3062 1196 3130 discessu
1211 3064 1253 3131 R.
1278 3064 1318 3131 P.
1336 3065 1404 3132 Na·

177 3149 267 3232 talis,
285 3149 344 3235 qui
359 3151 403 3217 ad
418 3159 487 3219 tres
502 3149 710 3238 septimanas
729 3149 921 3218 institutum
938 3150 1118 3220 Societatis
1132 3151 1291 3220 omnibus
1306 3153 1404 3220 nobis

175 3238 348 3324 exposuit,
371 3249 465 3306 tanta
492 3249 544 3306 est
571 3241 660 3306 facta
687 3240 843 3322 mutatio,
867 3249 906 3306 ut
933 3239 1025 3306 aliud
1051 3241 1234 3328 collegium
1262 3241 1402 3324 diceret,

175 3331 237 3414 qui
257 3351 300 3396 ex
320 3328 445 3396 nostris
463 3330 532 3395 huc
552 3328 690 3398 aliunde
709 3328 846 3398 rediret.
876 3332 1045 3416 Tempore
1065 3331 1285 3399 recreationis
1311 3355 1404 3399 nun-

175 3439 280 3503 quam
299 3417 379 3485 licet
400 3439 501 3504 quam
522 3418 565 3484 de
586 3418 626 3485 iis
648 3418 753 3504 loqui,
777 3440 876 3505 quae,
898 3440 977 3486 cum
998 3418 1066 3487 sint
1086 3419 1248 3502 iucunda,
1271 3423 1316 3487 ad
1334 3421 1402 3508 spi-

176 3506 337 3575 ritualem
364 3507 632 3575 aedificationem
661 3509 797 3576 iaciant.
821 3510 989 3576 Censores
1016 3521 1051 3576 et
1071 3508 1317 3590 admonitores,
1347 3510 1406 3596 qui

176 3595 282 3664 etiam
299 3595 391 3683 ipsos
411 3596 615 3683 superiores
633 3596 662 3664 si
680 3598 766 3666 forte
782 3609 936 3683 peccent,
954 3599 1170 3679 admoneant,
1189 3597 1405 3666 constituun-

178 3697 247 3756 tur.
266 3687 317 3752 Ita
333 3687 460 3752 factum
478 3697 541 3766 est,
560 3696 599 3752 ut
614 3686 735 3772 partim
752 3709 811 3772 per
826 3686 1013 3774 spiritualia
1024 3686 1196 3769 exercitia,
1210 3687 1333 3774 partim
1346 3711 1406 3774 per

177 3773 349 3860 colloquia
364 3777 449 3843 haec
464 3773 521 3860 pia
536 3786 570 3842 et
587 3775 652 3842 alia
663 3776 830 3860 quaedam
842 3776 964 3857 media,
979 3776 1104 3861 quibus
1121 3777 1241 3844 sratres
1256 3801 1277 3845 a
1293 3777 1406 3844 Patri-

178 3865 247 3930 bus
262 3863 298 3931 ln
315 3863 428 3930 officio
444 3864 675 3949 continentur,
692 3887 804 3932 nouus
819 3865 959 3953 spiritus
976 3865 1131 3934 uideatur
1146 3864 1182 3932 in
1197 3887 1316 3934 omnes
1331 3866 1407 3934 illa-

176 3974 276 4040 psus.
298 3952 438 4020 Externi
450 3952 592 4020 studiosi
605 3965 640 4021 et
651 3954 878 4038 conuictores,
893 3977 1036 4040 quorum
1050 3976 1212 4023 numerus
1223 3954 1403 4038 maximuS,

176 4052 375 4111 nostrorum
392 4042 544 4118 moribus
559 4043 682 4111 mirum
697 4043 733 4110 in
748 4044 889 4110 modum
905 4045 949 4110 ad
960 4044 1119 4132 pietatem
1132 4055 1402 4114 commouentur.

174 4133 363 4217 Nunquam
385 4134 443 4201 uel
467 4134 581 4218 plures
601 4132 657 4198 hic
678 4134 817 4200 suerunt
837 4133 1009 4221 discipuli,
1035 4134 1091 4202 uel
1111 4135 1277 4202 meliores.
1302 4137 1402 4216 Sunt,

172 4222 291 4300 cred0,
310 4221 447 4289 circiter
467 4240 518 4303 12,
537 4221 595 4308 qui
611 4233 650 4289 ut
665 4222 870 4311 recipiantur
887 4222 921 4290 in
945 4222 1150 4292 Societatem
1172 4223 1311 4290 instant.
1329 4225 1404 4291 Ho-

227 4471 236 4503 ¹
276 4471 320 4526 Ex
334 4473 501 4543 apographo
513 4487 633 4542 coaevo,
647 4489 734 4527 manu
748 4473 784 4527 P.
807 4473 928 4544 Joannis
946 4474 1045 4529 Rhetii
1059 4482 1191 4544 exarato,
1213 4473 1243 4528 in
1266 4471 1338 4529 Cod.
1349 4485 1404 4601 37,

173 4542 225 4599 sol.
242 4555 294 4612 140
305 4543 374 4608 (282.
388 4541 464 4599 Vide
478 4545 565 4615 epist.
579 4559 631 4614 209
644 4557 675 4600 et
688 4546 891 4600 annotationes
905 4545 946 4601 ibi
965 4547 1086 4618 positas.
1108 4546 1143 4600 P.
1157 4545 1330 4600 Franciscus
1376 4563 1406 4600 o-

173 4621 236 4669 ster
258 4615 377 4670 lectoris
397 4616 563 4686 theologiae
586 4624 616 4672 et
636 4616 813 4672 novitiorum
832 4617 965 4686 magistri
987 4617 1158 4674 muneribus
1178 4616 1319 4674 Coloniae
1338 4617 1405 4674 iun-

173 4687 312 4758 gebatur.
326 4685 399 4760 Ejus
413 4704 536 4746 examen
549 4689 641 4744 habes
654 4705 752 4762 supra,
767 4688 908 4762 append,
920 4689 944 4744 1.
