3666 5384
800 550 869 610 Ῐ557
1411 557 1443 616 ¹5

203 686 366 774 benigne
382 687 566 774 accepisse,
585 689 722 758 iuuasse
737 690 840 758 etiam
862 714 1107 780 nonnunquam
1124 697 1361 782 eleemosynis.
1381 699 1445 766 40

206 802 482 871 Memineramus
502 805 594 889 quod
613 805 648 872 in
673 807 907 878 controuersia
926 809 970 876 de
991 810 1201 893 Octauiano,
1226 812 1444 884 adolescente
1517 863 1518 867 =

206 919 445 1005 neapolitano,
468 942 530 986 sua
551 923 737 990 auctoritas
756 945 797 990 ac
817 923 986 992 sententia
1004 947 1073 992 non
1093 926 1308 995 obtinuisset:
1332 929 1444 998 fuerat

205 1034 320 1117 enim,
338 1045 465 1122 agente
487 1037 528 1102 P.
551 1037 685 1123 Ignatio
701 1040 792 1124 apud
813 1038 936 1107 lulium
958 1057 1036 1125 3.m,
1054 1043 1097 1108 ab
1118 1064 1160 1111 eo
1172 1041 1335 1110 iudicium
1352 1043 1443 1112 illius

203 1150 475 1220 controuersiae
502 1153 652 1219 ablatum
678 1164 782 1239 atque
803 1155 847 1221 ad
867 1155 951 1222 alios
979 1157 1130 1224 delatum
1150 1157 1355 1241 cardinales;
1381 1160 1442 1228 sed

205 1279 343 1347 tamen,
360 1275 540 1353 postquam
570 1267 634 1334 fuit
660 1269 876 1338 renuntiatus
903 1271 1067 1357 pontifex,
1086 1273 1290 1340 suauissime
1310 1275 1442 1361 accepit

209 1385 256 1448 P.
276 1380 461 1468 Ignatium,
481 1403 521 1449 ac
536 1382 635 1449 iussit
651 1385 863 1454 confidenter
875 1387 919 1452 ad
934 1406 971 1453 se
987 1386 1092 1469 adire,
1107 1389 1151 1456 de
1166 1407 1204 1454 se
1220 1389 1308 1456 bene
1323 1411 1441 1475 spera-

205 1520 262 1579 re;
280 1507 318 1565 et
333 1507 427 1565 certe
441 1507 562 1584 postea
580 1499 801 1587 priuilegium
821 1501 915 1569 dedit
935 1512 1053 1569 nostro
1073 1502 1220 1589 collegio
1243 1525 1383 1571 romano
1403 1516 1441 1571 vt

201 1615 373 1681 doctores
389 1635 429 1680 ac
446 1613 600 1702 magistri
616 1613 652 1681 in
668 1637 709 1683 eo
732 1615 840 1682 creari
855 1628 1012 1702 possent3
1035 1628 1070 1684 et
1090 1617 1220 1704 petenti
1242 1622 1282 1686 Ρ.
1306 1619 1441 1706 Ignatio

204 1728 419 1796 moribundo
435 1750 495 1814 per
508 1731 549 1795 P.
566 1729 753 1796 Polancum
764 1730 994 1816 plenissimam
1007 1743 1059 1802 est
1070 1732 1216 1820 largitus
1227 1732 1421 1802 benedictio
1433 1774 1442 1786 -

203 1867 295 1914 nem
312 1854 416 1929 atque
430 1842 692 1931 indulgentiam.

282 1960 499 2027 Occurrebat
525 1960 618 2045 quod
644 1958 776 2028 dixerat
795 1972 873 2046 post
892 1961 1024 2028 obitum
1046 1946 1157 2030 Patris
1177 1983 1241 2030 nos
1259 1962 1266 2052 Ι
1286 1962 1438 2031 amisisse

205 2086 371 2142 nostrum
383 2074 524 2156 idolum,
535 2075 619 2142 nihil
630 2096 706 2143 esse
718 2077 810 2160 quod
821 2075 946 2144 nostris
958 2076 1259 2145 constitutionibus
1270 2079 1326 2146 vel
1337 2077 1439 2146 bullis

205 2191 411 2270 fideremus,
429 2189 518 2256 velle
533 2212 571 2257 se
587 2189 700 2257 omnia
716 2191 920 2272 examinare,
939 2192 1052 2259 omnia
1068 2191 1230 2275 iudicare3
1248 2195 1309 2260 sed
1326 2203 1439 2260 tamen

203 2305 299 2373 nihil
310 2308 376 2372 hac
390 2305 433 2370 de
445 2327 483 2373 re
494 2303 566 2391 egit
577 2315 707 2391 postea:
722 2316 857 2374 nostros
869 2328 1003 2392 semper
1013 2306 1165 2394 benigne
1176 2306 1273 2374 vidit:
1288 2308 1438 2376 eleemo-

198 2443 318 2508 synas
334 2419 433 2487 nobis
448 2429 484 2486 et
500 2419 570 2507 ipse
587 2429 621 2489 et
640 2418 695 2486 sui
716 2431 858 2507 nepotes
874 2421 1053 2488 dederunt.
1078 2425 1262 2518 Postremo
1277 2423 1361 2490 nihil
1377 2445 1438 2490 su-

202 2535 337 2624 spicari
352 2545 558 2622 poteramus
578 2536 670 2621 quod
689 2535 784 2602 illum
801 2545 870 2604 tam
887 2535 1028 2624 fortiter,
1053 2547 1122 2604 tam
1138 2549 1279 2623 repente
1294 2559 1436 2607 mouere

202 2653 398 2722 aduersum
419 2673 481 2718 nos
502 2650 681 2737 potuisset;
700 2662 735 2718 et
755 2651 868 2718 omnia
889 2664 1001 2719 tamen
1022 2652 1103 2719 boni
1120 2654 1382 2722 consulebamus
1402 2663 1438 2722 et

205 2769 523 2854 interpretabamur
537 2787 580 2832 ex
595 2768 687 2834 bono
701 2767 871 2854 pontificis
886 2770 959 2834 zelo
975 2766 1156 2854 proficisci.

281 2885 380 2951 Haec
395 2904 474 2949 cum
490 2881 538 2949 ita
552 2883 729 2963 haberent,
748 2882 948 2951 reseiuimus
966 2904 1073 2950 vnum
1093 2905 1113 2951 e
1133 2883 1258 2950 nostris
1277 2884 1437 2950 sacerdo-

204 3001 309 3066 tibus
323 3001 392 3064 duo
408 2997 635 3084 chirographa
649 3019 709 3084 per
725 3000 811 3066 duos
827 2989 1015 3065 cardinales
1030 2997 1194 3066 obtulisse
1215 2999 1333 3066 Paulo.
1353 2999 1438 3066 Chi-

206 3116 522 3202 r047graphorum
537 3135 605 3179 vna
626 3123 698 3182 erat
718 3113 887 3182 sententia
907 3113 982 3183 siue
998 3112 1182 3195 accusatio,
1202 3135 1265 3181 nos
1285 3116 1373 3182 velle
1389 3114 1438 3182 ire

200 3233 246 3298 in
263 3229 467 3316 Hispaniam
483 3240 521 3295 vt
532 3227 623 3296 sedis
635 3227 841 3314 apostolicae
853 3227 927 3297 siue
938 3229 1101 3296 iudicium
1113 3229 1188 3297 siue
1200 3228 1437 3302 auctoritatem

202 3347 411 3425 vitaremus
430 3366 471 3410 ac
486 3342 625 3412 liberius
641 3366 703 3431 pro
718 3356 838 3411 nostro
853 3344 1019 3412 arbitratu
1035 3355 1070 3412 et
1086 3345 1280 3432 generalem
1293 3365 1438 3431 praepo-

89 3539 94 3550 ,
198 3463 316 3531 situm
331 3482 536 3541 crearemus
554 3461 648 3529 etde
664 3459 965 3528 constitutionibus
981 3461 1259 3547 transigeremus;
1277 3459 1437 3546 prouide-

199 3589 261 3647 ret
278 3575 514 3644 sanctissimus
529 3575 687 3644 dominus
704 3598 747 3643 ne
758 3575 1000 3644 detrimentum
1013 3576 1168 3645 Societas
1180 3585 1326 3662 caperet.
1340 3576 1437 3644 Haec
1466 3637 1470 3645 .

202 3694 277 3762 fuit
298 3691 468 3759 sententia
487 3691 803 3778 chirographorum,
828 3701 993 3776 quantum
1015 3690 1206 3780 intelligere
1224 3689 1397 3777 potuimus
1417 3713 1437 3757 a

199 3807 376 3878 cardinali
391 3828 532 3874 romano
543 3805 616 3898 [sic]
631 3829 671 3874 ac
682 3805 897 3890 cancellario,
916 3806 1041 3894 quibus
1057 3807 1136 3873 data
1148 3815 1245 3876 erant
1260 3805 1437 3892 chirogra-

202 3928 293 4012 pha,
311 3923 370 4008 qui
381 3922 485 3990 etiam
496 3924 539 3991 de
551 3922 633 4011 ipsis
650 3925 694 3990 ad
705 3923 901 4009 pontificem
917 3924 1116 3991 retulerant.
1136 3922 1207 4008 Qui
1222 3921 1436 4008 conscripse-

202 4050 261 4107 rat
282 4037 289 4127 Ι
309 4037 548 4126 chirographa,
558 4038 586 4104 is
598 4047 672 4106 erat
684 4037 831 4108 Pontius
846 4039 869 4104 ¹.
890 4041 994 4105 Hunc
1010 4037 1201 4106 sciebamus
1218 4057 1337 4104 omnes
1353 4057 1434 4122 gra-

201 4154 350 4222 uissime
356 4154 530 4221 laborasse
537 4151 769 4239 superioribus
778 4152 876 4220 annis
883 4151 1068 4219 ambitione
1076 4149 1325 4238 professionis4
1336 4159 1435 4217 voto-

200 4292 298 4338 rum.
316 4271 397 4356 Qua
412 4269 448 4335 in
464 4290 500 4336 re
515 4289 623 4354 quum
638 4289 739 4335 suum
756 4267 961 4337 desiderium
974 4277 1163 4338 sectaretur
1174 4265 1357 4350 obstinate,
1370 4285 1436 4334 nec

200 4389 246 4454 Ρ.
265 4384 404 4474 Ignatio
415 4386 649 4470 obtemperare
664 4383 779 4465 vellet,
798 4405 918 4470 parum
935 4382 1045 4450 abfuit
1060 4382 1144 4468 quin
1156 4406 1176 4450 a
1188 4379 1362 4452 Societate
1374 4404 1436 4450 ex-

198 4502 402 4590 pelleretur.
421 4499 600 4596 Concessit
618 4509 731 4568 tamen
748 4499 795 4566 illi
812 4501 852 4566 P.
872 4498 1026 4586 Ignatius
1041 4497 1286 4585 professionem
1305 4508 1438 4583 3voto-

263 4753 272 4785 ¹
311 4748 506 4821 saccinum,
522 4752 577 4806 loc.
589 4750 653 4820 cit,
668 4769 696 4808 n.
712 4761 758 4820 75.
