3604 5380
673 359 691 417 7
709 349 795 419 Joun
816 349 885 418 1562
1374 369 1411 424 99

172 494 331 580 position
351 497 407 565 del
430 500 543 569 Padre
562 500 737 588 preposito
756 501 909 588 general,
932 524 980 570 no
1001 523 1039 569 se
1059 511 1177 570 atreua
1197 504 1412 591 atomarloy

173 611 346 708 gasnan
364 635 387 699 y
402 615 447 684 de
462 616 497 681 lo
516 616 562 684 de
582 619 682 684 hasta
703 621 782 703 aqui
787 668 795 699 ,
819 639 885 702 que
909 628 1014 705 tenga
1034 617 1182 685 cuidado
1198 621 1242 688 de
1257 621 1408 706 pagane,

175 747 323 814 aunque
338 750 406 795 nrm
421 732 469 798 sit
483 753 670 799 conserues
685 733 922 822 ncffocandus,
938 739 974 799 vt
989 734 1112 799 reddat
1127 733 1216 820 quod
1231 735 1323 801 debet
1341 737 1363 803 ¹.

256 863 287 926 3.
332 845 366 911 A
376 846 541 932 Louayna
550 846 663 914 scribo
673 855 745 934 oya
758 851 800 916 V.
816 851 873 928 R.,
888 870 964 936 yen
973 871 1014 917 su
1024 848 1220 916 ausentiaal
1231 852 1271 916 Ρ.
1284 851 1410 918 Adria-

176 979 232 1023 no
249 958 274 1039 ¹,
292 959 333 1028 de
349 961 495 1028 remittit
514 969 535 1030 a
556 965 667 1030 Roma
685 985 784 1032 cerea
806 965 848 1031 de
870 983 935 1032 200
955 964 1092 1032 florines
1111 965 1175 1031 del'
1188 967 1229 1031 P.
1253 965 1410 1033 Maximi-

174 1071 278 1140 liano
293 1076 317 1156 ³,
335 1097 358 1160 y
372 1083 447 1144 mas
462 1079 506 1147 de
522 1089 616 1146 otros
631 1089 756 1161 tantos,
774 1082 840 1148 alo
852 1101 919 1165 que
931 1101 1023 1163 creo,
1041 1081 1084 1147 de
1102 1081 1231 1147 fructos
1247 1081 1411 1149 decursos

175 1191 228 1256 de
246 1192 314 1258 M.0
332 1193 446 1259 Pedro
461 1193 571 1262 Siluio
586 1195 612 1278 ⁴,
630 1196 673 1262 de
689 1217 730 1262 su
743 1205 852 1264 renta.
871 1196 1012 1281 Quanto
1033 1197 1065 1261 al
1081 1195 1208 1262 vender
1221 1197 1255 1262 la
1270 1196 1410 1265 hazien-

177 1305 242 1386 da,
259 1327 298 1374 se
312 1309 453 1375 hablara
468 1311 511 1376 de
527 1311 666 1396 palabra
680 1333 724 1378 en
736 1312 877 1392 Tremo,
892 1311 1068 1397 plaziendo
1081 1311 1208 1378 aDios
1224 1314 1331 1381 Temo
1342 1332 1410 1396 que

176 1442 230 1487 no
245 1422 299 1488 los
312 1445 377 1509 aya
392 1428 537 1510 gastado
553 1426 704 1494 tambien
720 1428 752 1492 el
767 1427 930 1494 Adriano

250 1557 284 1620 4.
332 1541 473 1624 Quanto
490 1547 510 1608 a
525 1540 680 1625 Colonia,
697 1543 730 1609 lo
747 1565 814 1627 que
829 1552 970 1610 nuestro
987 1544 1096 1610 Padre
1112 1550 1276 1630 comened
1291 1550 1311 1610 a
1324 1555 1409 1611 trat-

178 1661 237 1718 tar
252 1673 318 1720 con
333 1656 367 1720 el
381 1657 584 1724 cancellario
600 1658 656 1726 del
672 1658 765 1723 ano
785 1657 992 1738 coloniense,
1015 1680 1038 1743 y
1054 1659 1138 1725 else
1155 1665 1316 1745 encargo,
1335 1665 1411 1726 sera

179 1767 266 1836 bien
281 1790 349 1854 que
364 1773 408 1838 V.
427 1774 469 1838 R.
487 1774 520 1838 lo
536 1772 665 1859 apriete
681 1793 779 1840 como
802 1773 908 1858 mejor
929 1773 1082 1858 pudiere‚
1106 1794 1173 1859 que
1190 1795 1228 1842 es
1247 1776 1290 1841 de
1312 1785 1410 1842 tener

179 1882 286 1970 lugat
299 1886 439 1973 proprio
454 1909 520 1954 con
535 1889 666 1975 yglesia
683 1891 706 1955 ⁵.
727 1887 813 1958 Mire
826 1888 964 1955 tanbien
984 1910 1027 1956 en
1048 1891 1080 1956 el
1095 1891 1199 1956 modo
1221 1912 1287 1976 que
1309 1911 1352 1976 ay
1372 1912 1410 1957 se

180 1997 278 2067 tiene
291 2001 335 2068 de
350 2003 486 2070 admitir
501 2014 618 2092 gente3
636 2025 765 2090 porque
781 2006 927 2091 algunos
943 2007 1049 2072 saben
1060 2027 1147 2092 poco
1158 2007 1192 2071 lo
1204 2027 1271 2091 que
1283 2009 1406 2086 hazen,

179 2137 204 2200 y
222 2137 270 2182 no
281 2137 319 2183 se
334 2117 385 2186 les
396 2119 532 2186 declara
546 2131 687 2188 nuestro
702 2119 871 2201 instituto,
889 2143 912 2206 y
924 2126 972 2188 asl
985 2120 1084 2187 dizen
1096 2142 1164 2205 que
1177 2142 1213 2188 se
1227 2121 1320 2187 salen
1333 2141 1409 2187 mu-

180 2233 279 2311 chos‚
296 2254 320 2318 y
336 2243 432 2300 otros
448 2256 486 2303 es
501 2246 672 2304 menester
684 2238 787 2304 echar
798 2238 824 2302 ⁶.

239 2432 248 2462 ¹
285 2429 332 2484 Ad
346 2432 514 2502 parabolam
531 2431 620 2500 servi,
638 2432 689 2504 qui
710 2403 839 2487 debebat
860 2432 963 2487 decem
986 2431 1077 2488 millia
1099 2434 1275 2488 talentorum
1294 2430 1408 2486 alludit.

181 2517 324 2583 Mami„
338 2520 450 2592 XVIII,
464 2519 556 2576 2330.

236 2610 248 2641 ²
286 2608 319 2663 P.
335 2607 484 2665 Adrianus
497 2609 724 2678 Adriaenssens,
737 2610 843 2683 dequo
855 2611 972 2683 saepius
985 2611 1016 2666 in
1028 2611 1074 2666 his
1088 2612 1302 2666 MONUMEN‘rrS
1315 2627 1411 2665 sermo

182 2693 251 2752 tuit.

235 2787 248 2818 ³
284 2787 318 2841 P.
333 2787 550 2845 Maximilianus
563 2807 580 2844 a
593 2789 722 2863 Capella,
738 2789 822 2861 eujus
835 2807 960 2844 examen
973 2790 1098 2844 habetur
1108 2788 1138 2842 in
1151 2787 1278 2860 append.
1289 2788 1316 2842 1.

236 2875 249 2909 ⁴
285 2876 363 2932 Vide
376 2876 441 2949 ejus
455 2895 590 2948 examen,
604 2881 664 2934 loc.
681 2879 733 2934 cit.

234 2969 247 3000 ⁵
283 2967 326 3022 all
338 2967 444 3036 giorno
456 2977 601 3038 seguente
618 2968 715 3040 doppo
732 2969 779 3024 eh'
797 2968 972 3023 arriuammo
989 2967 1152 3037 aColonia‚
1164 2967 1183 3022 il
1198 2975 1298 3022 nostro
1316 2966 1410 3022 Padre

180 3052 247 3110 fece
260 3072 365 3128 sapere
378 3058 428 3112 all’
442 3057 632 3113 arciuescouo
644 3059 671 3113 la
684 3075 738 3112 sua
750 3065 871 3126 uenum,
885 3058 905 3113 il
915 3060 982 3130 qual
996 3074 1048 3129 per
1061 3059 1109 3112 all’
1123 3059 1195 3111 hora
1207 3058 1233 3111 si
1246 3065 1368 3111 trouaua
1380 3055 1410 3111 in

181 3161 241 3200 nna
253 3143 384 3200 fortezza
399 3145 458 3200 due
475 3148 563 3217 leghe
580 3147 657 3202 dalla
674 3148 756 3215 citta,
775 3155 806 3202 et
820 3147 929 3201 uedere
947 3165 980 3202 se
999 3163 1051 3200 sua
1066 3145 1202 3216 Signoria
1215 3147 1320 3200 noleua
1333 3160 1410 3199 com-

181 3234 324 3290 mandarli
337 3235 450 3290 niente.
464 3235 603 3290 Mandolli
616 3253 633 3290 a
645 3236 708 3291 dire
721 3237 775 3291 che
793 3237 818 3291 si
842 3237 1059 3306 rallegrarebbe
1078 3237 1168 3291 molto
1186 3235 1216 3289 di
1234 3234 1366 3305 uederlo‚
1380 3241 1411 3288 et

180 3323 244 3377 oosi
253 3323 404 3379 uenimmo
416 3325 473 3380 alla
485 3325 616 3380 fortezza
632 3325 725 3395 detta,
744 3335 775 3380 et
792 3326 900 3396 perche
917 3325 1087 3380 trouandosi
1105 3324 1126 3378 li
1139 3323 1231 3378 nostri
1244 3323 1275 3377 di
1287 3322 1411 3378 Colonia

181 3428 272 3468 senza
285 3414 387 3469 chiesa
400 3413 517 3486 propria
526 3423 556 3470 et
569 3417 660 3470 molto
672 3416 771 3470 stretti
781 3414 811 3470 in
821 3432 899 3482 casa,
911 3414 948 3468 N.
960 3413 993 3468 P.
1006 3414 1031 3469 si
1044 3411 1136 3486 penso
1149 3413 1179 3468 di
1193 3419 1313 3466 trattare
1328 3427 1411 3482 sopra

181 3504 211 3558 di
224 3510 333 3576 questo
346 3519 402 3558 con
414 3504 466 3572 lui;
480 3522 553 3576 pure
566 3521 625 3560 non
638 3504 664 3558 si
677 3512 800 3576 potette,
815 3503 921 3576 perche
935 3503 1015 3575 dipoi
1027 3503 1057 3556 d'
1071 3519 1171 3558 essere
1185 3509 1262 3556 stato
1275 3499 1412 3554 mandato

180 3594 342 3649 achiamar
352 3593 371 3648 il
385 3592 492 3664 Padre,
505 3609 689 3665 sopranenne
699 3594 748 3649 all'
767 3593 956 3648 areiuescouo
974 3594 1024 3646 un’
1047 3591 1200 3646 accidente
1217 3589 1246 3645 d'
1261 3607 1319 3644 una
1331 3596 1413 3644 certa

182 3682 564 3753 infermitd,comerife1·lil
578 3700 632 3738 suo
644 3681 832 3754 cancelliere,
846 3681 866 3737 il
884 3683 951 3754 qual
964 3680 1089 3750 insieme
1103 3681 1149 3735 col
1162 3697 1217 3735 suo
1234 3677 1412 3734 maiordomo

179 3774 208 3828 ci
221 3773 287 3830 lece
299 3773 390 3843 festa,
399 3780 431 3827 et
443 3772 470 3828 ai
483 3772 572 3828 trattd
584 3789 640 3828 con
653 3772 694 3828 lui
706 3774 805 3845 quello
822 3773 877 3826 che
895 3771 921 3826 si
934 3771 1050 3826 doueua
1061 3778 1165 3825 trattar
1182 3786 1238 3824 con
1251 3769 1271 3823 l’
1285 3767 1413 3822 areiues-

180 3880 268 3934 cono,
282 3862 463 3918 offerendosi
475 3862 518 3917 lui
529 3860 559 3917 di
572 3863 663 3916 molto
675 3863 773 3916 buona
785 3861 884 3931 uoglia
896 3861 926 3914 d'
939 3861 1051 3916 aiutare
1062 3858 1082 3914 li
1092 3859 1196 3927 nostri;
1211 3865 1242 3912 et
1254 3873 1340 3929 spero
1353 3872 1413 3911 non

179 3953 244 4008 sara
257 3961 336 4008 stata
349 3948 472 4007 indarno
484 3952 504 4006 l'
518 3951 624 4006 andala
634 3952 691 4005 alla
707 3951 789 4006 detta
802 3949 943 4021 fortem,
956 3949 1167 4022 specialmente
1181 3964 1233 4019 per
1245 3947 1345 4018 quello
1357 3946 1411 3999 che

180 4051 265 4098 tucca
274 4043 333 4096 alla
344 4041 446 4096 chiesa
458 4039 506 4095 del
519 4039 646 4110 collegio
658 4039 827 4094 coloniense
840 4047 871 4093 et
883 4038 1016 4109 maggior
1026 4036 1083 4092 sito
1093 4035 1123 4091 di
1132 4037 1231 4109 quello
1241 4037 1295 4088 che
1307 4033 1413 4088 adesso

181 4139 341 4201 tengono.»
354 4131 401 4184 Ex
413 4131 580 4201 apographo
593 4145 705 4183 coaevo
717 4129 839 4182 Romam
859 4126 960 4197 misso,
974 4125 1005 4181 in
1026 4124 1100 4181 Cod.
1121 4125 1213 4194 PLB,
1227 4139 1262 4193 49
1275 4121 1339 4190 (317
1352 4125 1408 4189 v.).

233 4221 245 4255 ⁸
282 4219 401 4274 Revera
423 4234 482 4272 non
502 4235 548 4289 ea,
561 4235 619 4290 qua
632 4235 683 4290 par
698 4225 772 4288 erat,
785 4217 938 4287 diligentia
955 4215 1197 4289 periclitabantur
1210 4229 1265 4268 nec
1278 4209 1413 4266 institue-

182 4311 290 4365 bantur
302 4307 448 4365 Coloniae
461 4315 492 4363 et
505 4307 585 4372 alibi,
604 4307 777 4380 praesertim
794 4307 824 4362 in
842 4306 1011 4368 Germania,
1026 4303 1243 4373 adolescentes,
1256 4302 1307 4373 qui
1320 4300 1350 4355 in
1363 4300 1415 4355 So-

179 4401 322 4457 cietatem
335 4397 468 4470 cooptari
481 4399 681 4470 postulabant.
704 4399 739 4452 In
757 4395 942 4451 examinibus
959 4396 1166 4450 nonnullorum
1183 4391 1320 4464 (append.
1334 4389 1416 4459 1)νί-

179 4488 267 4546 debis
281 4489 349 4545 illos
363 4488 429 4544 sine
443 4485 590 4558 examine,
604 4505 660 4542 nec
673 4486 875 4560 spiritualibus
890 4484 1040 4540 exercitiis
1054 4483 1085 4538 S.
1100 4481 1208 4553 Ignatii
1222 4483 1372 4553 probatos,
1386 4479 1417 4534 in

180 4579 366 4636 Societatem
377 4577 522 4632 admissos
531 4576 634 4632 fixisse.
647 4575 735 4648 Quod
745 4575 874 4649 quidem,
887 4577 933 4630 vel
945 4589 1134 4646 personarum
1148 4571 1205 4627 rite
1217 4571 1418 4626 institutarum
