3544 5390
703 483 866 546 Apteron
1338 485 1392 560 619

165 639 310 726 doctori,
328 639 465 710 maestri
481 652 516 710 et
531 637 686 727 discipuli
706 639 795 709 della
811 640 1024 727 Compagnia
1044 639 1092 707 fin
1112 663 1132 708 a
1154 659 1208 726 34,
1231 643 1295 710 che
1320 651 1391 707 tro-

165 752 297 799 uerano
313 729 395 818 ogni
407 751 487 797 cosa
501 729 666 797 ordinata.
682 729 970 816 Quellichesono
982 733 1103 796 adesso
1115 730 1266 817 partiran
1278 731 1309 796 al
1322 730 1391 798 fine

166 821 212 888 de
223 819 340 910 Junio‚
358 819 497 887 aeioche
512 819 541 886 si
557 817 649 905 possi
663 821 782 887 hauer'
801 829 914 904 tempo
931 820 973 884 de
990 823 1123 887 metter’
1142 819 1176 886 in
1197 818 1315 886 ordine
1330 840 1391 905 per

167 910 391 998 lisopradetti
406 910 494 977 della
509 907 732 995 Compagnia.
747 909 822 974 Con
835 919 956 992 questo
969 932 988 974 a
1002 910 1047 975 V.
1067 909 1106 976 S.
1127 909 1171 974 R.
1191 907 1226 974 di
1237 929 1320 976 cuor
1336 930 1391 975 me

168 999 423 1078 recommendo,
446 997 653 1085 pregandola
673 999 737 1064 che
757 997 856 1063 saluti
878 996 911 1062 in
934 996 1001 1062 mio
1022 1018 1122 1064 nome
1141 996 1165 1063 li
1184 996 1267 1064 ΚΛΗ
1289 996 1391 1064 Padn'

168 1089 379 1168 Salmerone,
393 1089 462 1154 don
475 1089 624 1155 Polanco
635 1097 671 1153 et
682 1085 872 1153 Cauillonio
884 1083 969 1174 [sic],
984 1085 1075 1171 quali
1088 1085 1168 1152 tutti
1179 1085 1312 1172 pregini
1323 1084 1391 1152 Dio

167 1199 230 1264 per
241 1199 311 1245 me.
330 1176 456 1246 Scritto
467 1199 487 1243 a
498 1179 619 1255 Roma,
632 1177 696 1242 alla
711 1173 829 1261 vigilia
839 1175 917 1240 dell’
934 1174 1203 1242 Annuntiatione
1215 1175 1301 1242 della
1313 1176 1390 1262 glo·

167 1267 255 1334 riosa
273 1265 416 1353 Virgine
432 1265 538 1334 Maria
565 1266 660 1350 1563.
683 1267 737 1332 De
757 1266 801 1331 V.
825 1261 907 1331 Rea
929 1265 969 1330 P.
993 1265 1224 1331 honooreuole
1245 1264 1389 1348 fratello,

701 1354 737 1421 IL
761 1372 942 1422 canorum
965 1355 1000 1420 n’
1019 1353 1210 1422 Aucusrn.

741 1589 819 1662 Xlll

600 1736 752 1794 paraus
770 1737 824 1792 oe
843 1733 963 1793 urzza

549 1885 577 1932 s.
602 1883 801 1931 Faaucrscu
824 1883 872 1930 na
896 1883 1009 1945 eouJA

516 1997 669 2076 Lovanii,
697 1997 734 2063 18
757 1996 884 2084 Aprilis
912 1999 994 2080 1563
1019 1999 1040 2062 ¹.

165 2134 321 2207 Imagines
334 2132 457 2200 Romae,
468 2135 593 2187 curante
604 2130 635 2186 S.
648 2129 807 2184 Francisco
816 2131 852 2184 de
863 2129 971 2200 Borja,
984 2147 1116 2194 excusas,
1129 2129 1220 2186 Patri
1233 2132 1391 2188 Euerardo

573 2219 769 2274 Mercuriono
781 2218 864 2272 mitti
872 2219 978 2291 poscit.

235 2340 285 2406 Ex
301 2337 540 2406 commissione
557 2335 668 2404 Patris
690 2335 797 2402 nostri
818 2335 1034 2420 prouincialis
1056 2336 1209 2423 magistri
1225 2337 1389 2406 Euerardi

165 2431 230 2496 has
244 2429 288 2495 ad
304 2438 397 2494 tuam
413 2428 646 2495 Reverendam
665 2425 907 2493 Paternitatem
924 2425 1036 2492 scribo
1049 2426 1190 2508 litteras
1206 2429 1329 2511 quibus
1341 2428 1388 2494 si-

166 2518 332 2606 gnificare
347 2517 382 2583 in
397 2517 510 2585 animo
525 2527 590 2595 est,
608 2515 700 2600 quod
715 2513 795 2579 huic
812 2514 904 2580 Patri
922 2527 1037 2581 nostro
1050 2515 1248 2602 prouinciali
1263 2516 1388 2602 gratis-

167 2607 304 2689 simum,
322 2606 351 2672 si
367 2606 534 2684 foelicem,
553 2614 592 2670 ut
607 2625 794 2689 speramus
812 2603 940 2669 exitum
964 2603 1176 2686 sortirentur,
1191 2616 1291 2673 esset.
1320 2607 1385 2671 Ex·

168 2707 264 2783 optat
287 2695 493 2782 permaxime
517 2697 618 2762 Pater
641 2691 696 2758 hic
720 2703 834 2758 noster
856 2704 948 2760 tuam
975 2705 1007 2760 te
1030 2693 1095 2760 sibi
1118 2693 1388 2763 benedictionem

168 2785 312 2856 concedi
328 2783 489 2871 imprimis
501 2793 536 2850 et
550 2791 631 2850 ante
642 2781 766 2848 omnia.
787 2782 1009 2848 Postmodum
1023 2781 1122 2849 etiam
1135 2783 1316 2865 desiderat,
1330 2782 1388 2851 illa

168 2873 309 2954 eximia,
326 2896 394 2959 qua
414 2883 466 2940 est
486 2873 520 2938 in
541 2869 722 2940 Societatis
741 2870 895 2938 alumnos
915 2871 1092 2953 charitate,
1109 2871 1275 2958 imagines
1292 2873 1334 2938 ad
1350 2895 1388 2942 se

168 2965 351 3050 impressas
366 2963 493 3047 aliquot
505 2960 605 3040 mitti,
618 2981 697 3026 cum
710 2981 839 3039 omnes,
855 2971 926 3025 tum
941 2962 995 3027 uel
1008 2960 1081 3027 illas
1093 2959 1285 3048 praecipue,
1300 2983 1387 3047 quae

168 3053 326 3121 dominae
346 3062 482 3120 nostrae
506 3049 648 3135 virginis
667 3047 795 3116 Mariae
815 3047 979 3115 rosarium
1000 3061 1266 3136 repraesentant,
1284 3049 1387 3137 idque

168 3153 265 3210 tanto
280 3141 345 3208 sibi
360 3139 492 3228 gratius
509 3139 662 3204 futurum
677 3139 833 3218 affirmat,
852 3149 979 3222 quanto
999 3147 1033 3206 et
1049 3160 1069 3204 a
1088 3140 1162 3205 Tua
1183 3140 1387 3209 Reverentia

167 3232 364 3310 mittentur,
385 3240 420 3296 et
443 3226 560 3293 maiori
583 3225 748 3293 eiusmodi
769 3247 881 3292 rerum
902 3226 936 3292 in
956 3226 1009 3293 his
1031 3227 1183 3313 partibus
1203 3230 1388 3314 premimur

167 3319 301 3406 inopia,
324 3317 424 3385 cuius
443 3315 674 3384 sanctissimae
694 3315 847 3403 petitioni
869 3316 1065 3401 optimoque
1090 3317 1256 3385 desiderio
1277 3321 1386 3386 Tuam

168 3414 255 3478 Rev,
272 3408 515 3477 Patemitatem
528 3405 776 3472 satisfacturam
790 3427 848 3490 per
860 3405 1004 3490 primum
1019 3405 1228 3472 tabellarium
1242 3429 1310 3474 non
1322 3410 1388 3474 du-

168 3499 253 3582 bito;
277 3519 389 3582 neque
410 3496 500 3564 enim
521 3493 581 3561 tibi
605 3497 708 3562 Pater
728 3496 938 3576 Reverende,
956 3506 1016 3560 aut
1037 3496 1195 3562 uoluntas
1216 3498 1312 3564 deest
1328 3508 1388 3564 aut

168 3588 372 3656 excudendo
387 3585 470 3671 typi.
489 3583 672 3652 Nesciebat
686 3582 742 3649 ille
763 3605 822 3668 per
844 3584 952 3649 Tuam
974 3582 1209 3651 Reverentiam
1227 3587 1387 3654 effectum

169 3700 246 3748 esse
262 3686 300 3742 ut
316 3675 352 3741 in
366 3676 468 3742 domo
483 3672 663 3742 Societatis
679 3683 746 3739 tarn
764 3671 941 3757 religiosae
953 3672 1118 3759 imagines
1130 3675 1385 3759 effingerentur;

170 3789 230 3854 per
246 3787 302 3832 me
318 3775 432 3832 tamen
455 3762 576 3830 certior
597 3763 719 3842 factus,
739 3772 776 3828 ut
792 3761 972 3828 scriberem
993 3773 1027 3828 et
1048 3761 1112 3827 sibi
1133 3773 1263 3828 tantum
1280 3764 1386 3831 bene-

170 3857 286 3924 ficium
308 3852 410 3920 tribui
430 3872 583 3918 curarem
604 3849 793 3938 imperauit.
828 3850 931 3917 Parui
952 3853 1001 3937 (ut
1022 3851 1192 3936 decebat);
1211 3862 1262 3933 et,
1285 3874 1387 3938 quam

169 3945 295 4012 obnixe
311 3963 461 4029 possum,
484 3963 569 4027 rogo
590 3953 627 4007 ut
643 3941 686 4008 ad
701 3939 795 4006 illum
812 3938 977 4025 imagines
992 3939 1159 4007 eiusmodi
1179 3943 1388 4028 quampluri-

169 4057 243 4101 mas
260 4035 335 4099 Tua
351 4032 550 4099 Reverenda
565 4029 755 4097 Paternitas
772 4027 989 4095 transmittat.
1008 4029 1112 4114 Quod
1123 4028 1158 4094 ni
1173 4039 1205 4096 te
1217 4051 1319 4116 quam
1336 4030 1386 4098 ci-

104 4159 110 4168 ·
168 4123 299 4191 tissime
315 4124 484 4187 iacturum
500 4139 682 4205 sperarem,
701 4129 792 4186 certe
809 4139 877 4184 non
889 4130 961 4186 erat
974 4139 1035 4185 cur
1046 4117 1239 4186 scriberem.
1256 4120 1388 4189 Pietate

168 4222 283 4281 tamen
299 4210 355 4277 illa
371 4220 429 4276 tua
445 4207 609 4294 singulari
625 4218 659 4274 et
671 4207 881 4276 humanitate
893 4209 1012 4288 fretuS,
1026 4217 1061 4274 et
1073 4207 1232 4290 seribere,
1247 4219 1281 4276 et
1294 4212 1386 4295 quod

168 4303 297 4369 facturn
312 4297 353 4364 iri
368 4320 481 4384 spero,
500 4308 615 4382 petere
634 4317 705 4364 non
725 4295 891 4364 dubitaui.
915 4295 1113 4382 Scripsisset
1134 4298 1177 4363 ad
1194 4299 1301 4365 Tuam
1318 4302 1386 4369 Re·

167 4389 351 4460 verendam
363 4386 619 4469 Paternitatem,
633 4386 662 4454 si
673 4384 821 4471 alioquin
835 4384 895 4451 tibi
907 4396 1009 4453 notus
1021 4385 1152 4470 fuisset;
1167 4409 1260 4456 meas
1274 4399 1387 4458 tamen

221 4605 231 4640 ¹
268 4604 312 4661 Ex
336 4604 527 4676 autographo,
550 4601 580 4660 iu
604 4601 675 4658 Cod.
701 4612 740 4671 29
764 4599 804 4672 c),
831 4598 916 4656 unico
935 4595 996 4671 tot,
1011 4611 1063 4655 222
1086 4599 1169 4676 (408).
1194 4599 1268 4659 Vide
1288 4619 1386 4680 supra,

168 4684 469 4756 pug.171,annot.4.
1064 4709 1068 4716 ·
