3666 5384
707 485 777 548 ι559
795 489 836 533 nr
854 477 889 532 oo
1370 482 1406 552 ⁶5

239 631 293 697 Eo
314 639 467 716 tempore
489 629 704 715 frequentius
724 631 895 700 euocabat
914 632 1052 698 Patrem
1073 632 1281 720 generalem:
1306 633 1406 703 beni-

171 743 340 833 gnissime
354 765 433 811 cum
445 743 504 811 illo
515 744 652 832 agebat.
669 744 847 812 Pollicitus
858 755 911 813 est
923 766 961 812 se
972 746 1062 814 velle
1074 746 1217 814 fundare
1229 747 1320 814 12⁰
1332 750 1405 816 col-

175 860 316 947 legium,
336 883 450 930 emere
465 860 532 928 iam
553 859 698 946 primum
715 859 815 928 nobis
828 861 981 943 domum;
999 883 1044 929 ne
1060 871 1174 928 tamen
1194 861 1279 928 illud
1294 863 1406 950 publi-

172 997 344 1058 caremus,
362 997 408 1044 ne
422 976 522 1044 fieret
535 976 659 1043 domus
675 975 820 1045 enenda
840 975 962 1058 carior3
981 997 1100 1044 verum
1117 998 1188 1044 non
1204 977 1264 1044 diu
1284 999 1405 1066 super-

176 1091 274 1158 uixit.

239 1207 332 1278 Sede
348 1217 508 1289 vacante,
527 1205 694 1275 seditione
709 1205 870 1287 excitata,
893 1207 1024 1293 romanj
1046 1217 1246 1276 euerterunt
1261 1207 1402 1275 domum

171 1321 404 1409 inquisitionis
434 1321 608 1408 Ripetam:
637 1321 815 1391 reuocauit
846 1321 923 1389 illos
949 1344 970 1388 a
996 1322 1220 1408 monasterjo,
1242 1324 1286 1390 ad
1310 1326 1403 1408 quod

171 1439 399 1507 euertendum
410 1446 588 1506 venerant:
604 1435 723 1504 minati
734 1447 815 1504 sunt
826 1437 871 1504 ad
885 1439 1155 1506 comburendum
1172 1436 1351 1526 collegium
1365 1449 1400 1506 et

174 1563 328 1620 nostrum
345 1563 522 1622 venturos:
537 1573 606 1620 non
617 1562 787 1620 venerunt
799 1562 925 1619 tamen.
940 1552 1046 1621 Venit
1058 1562 1190 1619 tantum
1208 1553 1311 1620 frater
1328 1555 1400 1640 Ty-

173 1667 254 1754 berij
279 1667 421 1736 sublimi
446 1667 483 1734 in
504 1687 606 1754 equo:
631 1669 794 1736 conuenit
813 1667 820 1756 Ι
839 1668 944 1734 solus:
970 1667 1114 1736 discedit
1134 1667 1253 1753 paucis
1276 1667 1400 1738 diebus

177 1784 372 1851 clanculum
389 1783 572 1870 Tyberius.
1408 1861 1414 1872 ἱ

238 1900 304 1967 Fui
325 1902 394 1966 hoc
413 1920 504 1966 anno
524 1908 560 1968 et
579 1897 736 1983 sequenti
756 1897 791 1964 in
814 1897 973 1985 collegio:
996 1898 1227 1966 commeabam
1247 1897 1399 1984 quotidie

171 2015 215 2080 ad
229 2015 521 2102 congregationes
542 2011 655 2081 Patris
674 2011 856 2100 generalis:
879 2034 972 2080 eram
987 2033 1090 2100 saepe
1109 2011 1157 2078 illi
1177 2012 1346 2100 ingratus,
1364 2023 1400 2080 et

172 2129 245 2216 alijs
261 2129 426 2198 Patribus
441 2127 681 2197 assistentibus
696 2129 860 2196 molestus
876 2139 1014 2215 propter
1033 2149 1144 2197 meam
1160 2127 1399 2215 importunita—

174 2256 239 2312 tem
253 2267 295 2312 ac
312 2245 551 2314 rusticitatem.
880 2263 884 2268 ·

234 2361 464 2448 Disputabam
478 2361 638 2428 ferecum
650 2359 821 2447 theologis
840 2359 962 2428 diebus
982 2359 1125 2426 sabbati.
1146 2359 1197 2425 Ex
1218 2357 1398 2426 Eautonti·

172 2498 370 2546 merumeno
386 2475 536 2562 Terentij
555 2475 620 2543 leci
639 2477 647 2509 ¹
665 2477 845 2543 honestam
865 2473 1089 2543 comoediam.
1109 2475 1195 2542 Fere
1214 2473 1395 2541 maximam

170 2592 377 2660 scholiorum
393 2601 524 2678 partem
540 2591 575 2658 in
589 2589 852 2660 constitutiones
867 2599 902 2658 et
918 2588 1164 2656 declarationes
1179 2589 1323 2674 absoluj.

233 2707 314 2775 121
334 2707 520 2776 Meditatus
539 2729 616 2774 sum
631 2706 667 2772 in
687 2706 699 2738 ³
722 2705 905 2793 euangelia
924 2727 967 2772 ex
988 2705 1168 2789 pandecta,
1187 2725 1272 2788 quas
1288 2704 1398 2772 medi-

175 2822 320 2890 tationes
336 2823 459 2890 vellem
478 2820 666 2908 scripsisse.
691 2820 775 2887 Plus
794 2820 934 2907 spiritus
953 2818 1093 2886 videbar
1114 2821 1126 2854 ⁸
1147 2831 1182 2888 et
1202 2819 1397 2905 intelligen-

173 2937 237 3006 tiae
251 2937 419 3023 mysticae
439 2957 482 3003 ex
502 2935 568 3002 illis
587 2934 757 3021 recepisse
775 2956 878 3020 quarn
898 2955 1047 3020 unquam
1068 2944 1181 3018 antea,
1203 2932 1327 3024 retinuj
1345 2943 1398 3001 ta-

172 3075 246 3122 men
262 3054 413 3138 aliquem
428 3073 567 3119 sensum
583 3051 717 3118 illarum
733 3049 1005 3117 meditationum.

234 3171 374 3237 Mortuo
390 3168 510 3247 Paulo,
528 3166 623 3234 venit
638 3166 673 3232 in
689 3165 702 3198 ⁴
722 3164 970 3234 dubitationem
987 3167 1028 3231 P.
1047 3164 1217 3251 generalis
1232 3164 1276 3232 de
1292 3167 1398 3232 choro

171 3297 204 3353 et
215 3285 257 3351 de
269 3283 418 3352 triennio
429 3281 483 3348 sui
500 3281 614 3364 officii;
628 3302 747 3348 verum
759 3282 801 3348 de
813 3279 867 3348 his
877 3279 948 3346 dixi
960 3289 1038 3367 post
1049 3276 1177 3371 finelm]
1188 3279 1396 3347 scholiorum

172 3399 204 3466 in
219 3398 484 3468 constitutiones
500 3399 525 3464 ⁸.
548 3395 555 3485 Ι

233 3513 437 3584 Adiecimus
452 3511 603 3580 animum
618 3510 654 3578 in
669 3513 853 3600 easaedes,
869 3509 925 3576 vbi
937 3532 1030 3577 nunc
1040 3511 1187 3577 habetur
1197 3508 1393 3596 collegium,

171 3649 256 3715 quae
270 3628 396 3717 partim
411 3627 725 3714 complectabantur
739 3624 912 3695 residuum
928 3625 1042 3712 palatij
1062 3623 1173 3720 Pauli,
1188 3645 1293 3708 quum
1304 3633 1396 3691 esset

172 3744 365 3828 cardinalis,
382 3742 505 3830 partim
527 3743 668 3809 domum
693 3741 905 3808 marchesiae
920 3762 942 3806 a
968 3741 1079 3822 Valle,
1096 3749 1133 3806 et
1152 3737 1235 3807 alias
1261 3740 1392 3819 domos

171 3872 396 3947 quaeemptae
407 3858 555 3926 erantad
561 3855 764 3925 coenobium
774 3855 970 3924 monialium
977 3855 1078 3923 diuae
1085 3852 1395 3923 Claraeinstituen-

171 3975 261 4042 dum.
275 3979 415 4044 Mortuo
431 3973 552 4054 Paulo,
567 3969 807 4042 renuntiarunt
817 3970 866 4036 illi
877 3967 1094 4037 monasterio.
1113 3966 1308 4056 Applicatio
1323 3967 1394 4034 illa·

170 4111 241 4158 rum
255 4091 421 4158 domuum
441 4089 618 4176 spectabat
644 4087 689 4154 ad
714 4085 950 4169 marchesium,
969 4105 1074 4171 quum
1095 4105 1136 4150 ea
1162 4081 1341 4149 inclinaret
1355 4092 1394 4148 vt

223 4335 231 4367 ¹
268 4333 304 4387 In
315 4349 373 4388 ms.
390 4331 446 4386 hoc
459 4331 583 4386 verbum
596 4328 732 4383 iteratur.

220 4424 232 4456 ¹
269 4421 305 4475 In
316 4437 372 4476 ms.
388 4421 423 4476 in
440 4419 589 4475 iteratum.

221 4511 234 4544 ⁸
270 4509 305 4564 ln
317 4527 372 4565 ms.
386 4511 442 4564 hoc
451 4509 575 4564 verbum
587 4505 733 4578 repetitur
746 4506 833 4578 paulo
846 4502 933 4558 infre.

222 4599 234 4632 ⁴
271 4598 345 4668 lis„
357 4599 441 4654 venit
453 4598 489 4652 in
499 4596 583 4652 verrit
596 4595 641 4650 in.

224 4687 236 4720 ⁸
272 4685 307 4741 ln
319 4704 373 4742 ms.
388 4685 469 4759 prius
481 4685 622 4757 scriptum
634 4683 752 4741 fuerant
763 4683 798 4738 in
804 4682 881 4757 fine,
894 4679 973 4756 quod
981 4679 1175 4738 cancellatum
1187 4685 1245 4734 est.
