3666 5384
866 479 1001 537 Norrrm
1020 491 1164 536 coorcurr

900 683 1018 743 Codex
1040 685 1124 746 8111

463 875 633 960 Epaone
649 876 804 956 Polanci,
820 876 953 942 Lainez
967 881 999 942 et
1020 875 1314 963 Bergion-Vol.
1338 876 1419 944 in·f.
1443 879 1618 966 congluti-

395 1003 513 1058 natum
529 1001 565 1059 et
588 994 652 1058 hac
675 989 895 1078 inscriptione
917 990 1088 1057 deauratis
1107 990 1362 1058 characteribus
1383 1013 1403 1060 a
1423 1003 1523 1080 tergo
1544 995 1615 1062 dis·

395 1107 555 1173 tinctum:
582 1107 854 1176 «POLANCUS
875 1105 880 1194 Ι
901 1106 1162 1175 EPISTOLAE
1187 1109 1226 1172 P.
1257 1108 1427 1175 LAINEZ
1447 1107 1453 1197 Ι
1474 1111 1544 1176 ΕΤ.
1574 1113 1612 1180 S.

393 1223 638 1292 FRANCISCI
659 1223 901 1290 BORGIAE.»
925 1220 1093 1307 Epistolas
1120 1240 1184 1310 319
1205 1223 1455 1310 complectitur,
1479 1234 1530 1291 tot
1550 1248 1618 1293 nu·

392 1339 495 1405 meris
510 1347 665 1406 recenter
680 1358 723 1404 ex
739 1335 857 1403 ordine
873 1335 1037 1423 signatas.
1056 1335 1293 1406 Diversimode
1313 1336 1392 1404 olim
1409 1340 1471 1406 has
1486 1339 1616 1408 litteras

267 1478 272 1486 ·
393 1453 500 1522 fuisse
514 1452 698 1533 ordinatas,
721 1475 763 1520 ex
779 1451 897 1518 ordine
919 1461 1137 1539 praepostero
1158 1472 1377 1520 numerorum
1398 1453 1614 1542 antiquorum

392 1571 542 1656 apparet.
555 1567 690 1653 Aliquis
706 1577 819 1635 tamen
835 1567 918 1633 ordo
933 1566 1104 1634 interdurn
1120 1565 1155 1632 in
1171 1566 1323 1653 epistolis
1344 1591 1509 1637 annorum
1531 1572 1614 1656 1562

391 1695 428 1751 et
446 1684 529 1768 1563
545 1682 765 1768 conspicitur;
783 1704 862 1748 nam
877 1681 980 1766 hujus
996 1680 1076 1748 anni
1092 1681 1267 1768 epistolae,
1282 1684 1401 1769 paucis
1413 1685 1501 1752 foliis
1516 1687 1613 1756 dem-

391 1797 470 1887 ptiS,
489 1799 666 1885 antiquum
683 1798 835 1867 ordinem
851 1807 989 1865 servant
1005 1821 1025 1863 a
1044 1820 1079 1863 n.
1103 1817 1115 1864 r
1136 1799 1179 1863 ad
1200 1815 1276 1880 207.
1296 1800 1427 1870 Omnes
1449 1802 1520 1871 fere
1539 1803 1613 1889 epi-

390 1917 498 1984 stolae
513 1923 594 1980 sunt
610 1916 826 2002 archetypae,
843 1913 866 1980 i.
886 1935 916 1980 e.
941 1935 961 1980 a
978 1915 1128 1981 Polanco
1148 1913 1285 1982 nomine
1306 1917 1486 2002 praepositi
1506 1939 1612 2005 gene-

390 2030 469 2098 ralis
485 2028 708 2115 subscriptae,
726 2039 761 2097 et
772 2051 793 2095 a
803 2027 949 2096 librariis
960 2039 1129 2108 exaratae,
1143 2029 1341 2115 praesertim
1354 2033 1515 2119 aJoanne
1526 2035 1554 2100 F
1555 2059 1609 2104 er·

390 2147 534 2215 nandez.
554 2147 683 2214 Multae
703 2145 923 2212 nihilominus
943 2145 986 2211 ab
1007 2144 1081 2231 ipso
1098 2146 1247 2212 Polanco
1267 2146 1414 2232 scriptae
1433 2151 1610 2235 reperiun-

391 2273 466 2342 tur,
500 2283 543 2330 ex
572 2259 812 2328 commissione
842 2260 954 2327 Patris
985 2259 1166 2346 generalis.
1200 2263 1310 2329 Datae
1344 2263 1483 2331 fuerunt
1513 2266 1611 2333 annis
1704 2235 1712 2258 ι

394 2379 597 2463 1558-1572,
616 2399 685 2444 una
700 2376 754 2444 vel
770 2377 876 2445 altera
895 2386 1048 2462 excepta.
1068 2378 1259 2445 Versantur
1273 2377 1307 2442 in
1328 2377 1476 2464 negotiis
1496 2381 1539 2446 ad
1554 2405 1610 2450 re-

389 2492 506 2580 gimen
534 2491 714 2562 Societatis
740 2491 987 2578 spectantibus;
1016 2501 1052 2558 et
1074 2491 1244 2559 interdum
1272 2493 1404 2578 aliquae
1431 2509 1607 2584 apparent,

388 2593 476 2694 quae
497 2609 539 2675 ad
559 2606 714 2674 notitiam
734 2628 847 2674 rerum
872 2617 1047 2693 gestarum
1073 2628 1135 2693 pro
1159 2607 1324 2677 charitate
1352 2609 1497 2678 fovenda
1520 2610 1609 2678 inter

387 2725 499 2792 socios
526 2725 731 2793 referuntur.
761 2721 909 2789 Maxima
935 2721 1068 2788 illarum
1089 2744 1168 2809 pars
1194 2734 1275 2789 sunt
1301 2723 1426 2810 scripta
1453 2725 1607 2795 Tridenti

310 2887 326 2916 .
386 2839 485 2907 annis
506 2840 587 2923 1562
604 2848 639 2904 et
659 2838 751 2922 1563.
773 2837 894 2924 Incipit
915 2838 1073 2904 volumen
1098 2859 1140 2904 ex
1160 2836 1323 2923 epistolae
1339 2838 1568 2926 palimpsesto,
1586 2864 1606 2909 a

387 2955 536 3022 Polanco
544 2964 694 3034 exarato,
703 2951 847 3020 etvariis
854 2951 1147 3020 emendationibus
1155 2951 1337 3040 castigato,
1347 2971 1390 3021 20
1398 2955 1493 3042 Sept.
1508 2959 1603 3041 1556,

385 3069 486 3155 cujus
501 3068 607 3155 prima
623 3070 728 3136 verba
741 3078 835 3136 sunt:
853 3068 1061 3137 «Soli-Pax
1077 3067 1251 3135 X.i-Del
1263 3069 1461 3138 Schorichio
1474 3069 1505 3137 ci
1517 3071 1605 3139 saria

373 3197 547 3273 tropo...»
565 3183 700 3253 Desinit
715 3186 782 3251 vol.
801 3184 838 3250 in
849 3184 992 3271 epistola
1005 3186 1045 3251 P.
1061 3183 1226 3252 Ludovici
1238 3185 1445 3270 GonpalveS,
1465 3187 1605 3253 Polanci

384 3321 488 3367 manu
505 3299 720 3387 transcripta,
737 3301 837 3386 cujus
853 3299 971 3366 ultima
986 3300 1091 3367 verba
1110 3310 1202 3366 sunt:
1224 3321 1303 3368 «ver
1324 3310 1420 3367 tanto
1436 3301 1540 3371 deseo
1560 3323 1604 3368 en

385 3427 443 3483 tan
459 3424 558 3483 santo
573 3416 745 3501 pontifice,
763 3436 831 3500 que
846 3425 920 3484 esta
930 3435 1010 3482 cosa
1026 3425 1132 3501 tenga
1142 3416 1277 3496 effecto,
1292 3437 1347 3484 me
1360 3435 1398 3481 es
1410 3436 1497 3501 gran
1508 3418 1605 3485 senat

383 3552 451 3618 que
462 3531 553 3600 dello
566 3532 612 3598 ha
627 3532 670 3597 de
681 3530 836 3618 seguirse
852 3550 939 3617 gran
953 3529 1044 3597 bien.
1064 3530 1117 3596 En
1128 3530 1178 3598 las
1193 3529 1379 3610 oraciones
1394 3540 1483 3597 etc.»
1497 3531 1603 3598 Hunc

380 3645 548 3728 codicem,
566 3644 696 3713 anobis
712 3646 905 3731 frequenter
917 3644 1159 3726 adhibendum,
1173 3647 1239 3712 hoc
1251 3654 1351 3731 pacto
1362 3643 1599 3731 allegabimus:

383 3761 465 3829 Cod.
481 3761 604 3842 PLB,
617 3760 741 3846 quibus
752 3760 873 3829 litteris
887 3761 1068 3842 Polancus,
1077 3759 1203 3828 Lainez
1211 3768 1246 3828 et
1254 3758 1380 3847 Borgia
1391 3757 1598 3828 indicantur.
1610 3738 1616 3750 ⁵

898 3925 1013 3984 Codex
1025 3925 1084 3985 88

446 4074 618 4159 Epistoloe
632 4071 678 4138 od
694 4073 739 4138 P.
762 4073 983 4140 menardum
1003 4069 1301 4140 nasset-codex
1320 4069 1524 4139 coloniensis
1543 4095 1595 4138 ar-

376 4189 470 4258 chivi
485 4188 675 4257 studiorum
691 4187 910 4255 fundatorum
926 4185 1087 4276 (rArchiv
1108 4187 1169 4253 des
1189 4186 1523 4273 Vernaltungsraths
1539 4187 1600 4254 der

376 4304 750 4391 Studienstiftungen»,
786 4301 935 4370 «Archiv
966 4303 1028 4372 des
1053 4300 1253 4389 Gymnasial
1279 4302 1351 4368 und
1377 4300 1600 4370 Studienstis-

430 4496 439 4528 ¹
477 4492 519 4548 Ut
527 4491 643 4547 codices
653 4507 671 4546 a
682 4488 768 4546 nobis
779 4489 811 4545 in
823 4491 878 4546 hoc
887 4506 977 4562 opere
988 4489 1130 4562 descripti
1142 4486 1322 4544 commodius
1335 4488 1456 4560 allegari
1466 4489 1596 4559 valeant,

370 4599 425 4638 eos
437 4582 493 4638 sub
506 4582 592 4637 unica
604 4596 790 4636 numerorum
800 4579 876 4635 serie
886 4578 1065 4648 ordinamus;
1076 4595 1110 4634 ac
1119 4577 1252 4651 proinde,
1262 4595 1330 4633 cum
1339 4575 1457 4634 codices
1467 4577 1498 4634 in
1511 4577 1596 4634 Ivol.

368 4670 512 4743 descripti
524 4671 554 4726 in
567 4688 598 4726 n.
616 4667 651 4739 34
663 4666 809 4740 desinant,
824 4669 948 4742 primum
961 4667 1048 4741 hujus
1058 4668 1116 4723 vol.
1128 4685 1158 4723 n.
1169 4664 1204 4738 35
1214 4665 1376 4740 signamus.
