3464 5386
589 505 624 564 25
643 491 808 552 Ocronms
830 494 898 564 1563
1300 505 1354 564 427

125 667 208 714 cosa
227 649 248 713 ¹:
266 667 305 714 se
319 645 343 712 li
359 645 513 714 escritto
533 648 597 714 che
617 667 655 714 se
675 666 870 716 occorresse
886 667 933 713 un
949 667 1029 716 caso
1051 645 1171 728 simile,
1195 645 1353 714 massime

125 761 170 832 de
184 783 330 848 persona
345 761 389 830 de
405 761 503 829 fuora
518 761 607 829 della
628 760 852 847 Compagnia,
870 784 909 831 se
929 761 1107 848 potessino
1122 762 1207 828 farlo
1223 761 1354 832 seruire
1462 851 1467 859 .

126 897 187 964 per
203 898 348 962 persona
363 875 399 942 di
414 877 525 958 fuora,
544 875 746 963 pagan'dola,
760 877 795 942 lo
807 876 951 959 saccino,
965 887 1000 944 et
1015 879 1079 944 che
1094 875 1196 944 habia
1211 899 1294 946 cura
1309 879 1354 948 de

127 993 300 1080 guardare
314 991 338 1059 li
354 991 444 1073 suoi,
462 1002 496 1058 et
512 1013 582 1059 non
597 1001 740 1059 mettere
755 990 790 1058 in
811 991 963 1079 periculo
985 1013 1023 1060 se
1038 1001 1161 1074 stesso,
1179 1003 1308 1078 quanto
1324 991 1354 1059 si

127 1111 238 1194 petra.
262 1109 355 1175 Loro
378 1105 408 1174 si
424 1127 636 1193 preparanno
652 1107 663 1139 ¹
682 1128 741 1192 per
756 1107 789 1174 la
816 1107 1039 1176 renouatione
1062 1106 1142 1174 delli
1163 1107 1279 1190 studii,
1297 1130 1354 1176 rna

126 1223 170 1290 V.
190 1225 233 1290 R.
252 1220 421 1289 consideri
434 1244 483 1302 se,
497 1223 655 1290 andando
666 1222 804 1288 innanzi
816 1223 847 1289 la
858 1232 954 1308 peste
969 1222 1005 1290 in
1022 1222 1168 1305 Vienna,
1182 1223 1211 1289 si
1226 1223 1354 1292 douera

126 1339 305 1408 attendere
320 1359 386 1405 con
402 1347 525 1423 troppo
541 1337 676 1405 feruore
691 1338 755 1405 alle
770 1338 898 1418 schole,
916 1359 938 1403 o
954 1359 992 1404 se
1007 1337 1189 1424 bisognerai
1210 1360 1353 1424 pensare

14 1468 17 1476 ’
125 1453 160 1520 in
175 1453 346 1520 rimouere
362 1453 406 1521 de
423 1452 557 1520 Vienna
576 1473 663 1539 gran
683 1462 779 1538 parte
799 1453 878 1520 delli
898 1453 1017 1519 nostri.
1041 1454 1120 1521 Non
1143 1452 1353 1523 intendlatno

126 1571 206 1656 perd
222 1571 290 1636 che
305 1569 393 1636 nella
409 1567 491 1634 citta
506 1567 536 1634 si
552 1567 702 1634 aumenti
717 1568 750 1634 la
765 1579 869 1654 peste.

192 1701 226 1767 7.
276 1685 316 1751 L’
334 1682 431 1750 auiso
446 1684 510 1750 che
521 1684 566 1749 da
582 1683 625 1750 V.
645 1684 686 1749 R.
701 1683 745 1751 de
756 1694 959 1768 ayutarsene
970 1684 1026 1752 del
1038 1685 1082 1752 D.
1098 1685 1192 1752 ‘Paez
1205 1704 1265 1770 per
1276 1685 1352 1772 leg-

126 1821 208 1886 gere
225 1800 258 1866 le
273 1797 507 1866 controuersie
522 1797 558 1864 in
575 1797 690 1884 Parigi
706 1819 775 1864 non
791 1799 810 1865 ὲ
826 1820 933 1866 senon
949 1799 1126 1868 conforme
1147 1821 1167 1865 a
1187 1801 1268 1886 quel
1288 1802 1352 1868 che

126 1914 154 1982 si
179 1917 200 1982 ἑ
230 1925 374 2000 pensato
400 1935 499 2000 sopra
527 1913 562 1979 di
589 1912 648 1994 lui,
672 1913 773 1999 dopoi
792 1916 856 1981 che
876 1913 1018 1982 lasciara
1037 1916 1105 1982 ben
1125 1914 1306 1982 informato
1329 1914 1353 1980 il
1377 1893 1383 1906 ⁸

128 2033 166 2098 P.
195 2029 387 2098 Dionisio³
415 2049 481 2096 con
502 2031 588 2096 altro
608 2032 829 2118 portughese,
859 2031 968 2096 anche
995 2029 1217 2117 predicatore,
1240 2032 1305 2099 che
1324 2031 1352 2098 si

125 2156 350 2232 aspettauano
366 2143 401 2210 in
418 2146 576 2224 Anuersa
592 2146 658 2210 alla
669 2144 839 2230 giornata3
855 2165 937 2212 uero
952 2147 1059 2226 eche,
1076 2167 1113 2212 se
1127 2144 1164 2212 in
1181 2145 1298 2232 Parigi
1314 2169 1353 2215 se

125 2264 286 2348 reputare
301 2259 436 2327 bastino
451 2261 484 2328 le
499 2259 637 2328 lectioni
652 2259 708 2326 del
724 2263 759 2328 M
765 2259 792 2326 .⁰
809 2259 1013 2328 Maldonado
1028 2270 1063 2328 et
1079 2261 1134 2327 del
1151 2263 1218 2332 Μ.0
1235 2263 1351 2330 Vane-

125 2397 198 2462 gas,
229 2378 330 2462 potra
350 2395 464 2442 essere
484 2377 548 2440 che
568 2374 590 2440 11
612 2376 656 2441 D.
680 2377 772 2442 Paez
792 2374 821 2442 si
843 2375 957 2442 mandi
984 2375 1020 2442 in
1040 2376 1164 2444 Tolosa
1189 2397 1249 2462 per
1273 2377 1352 2462 quel

126 2493 242 2558 efferto
260 2489 465 2558 medessimo
477 2492 542 2556 che
553 2491 597 2556 V.
614 2490 655 2557 R.
674 2489 787 2558 scriue
803 2512 824 2557 o
840 2511 921 2558 cosa
936 2490 1056 2560 simile.

191 2607 224 2672 8.
276 2605 314 2674 Si
330 2607 350 2672 e
365 2603 521 2672 riceuuto
537 2626 582 2669 un
601 2604 718 2671 scritto
730 2605 785 2672 del
799 2607 838 2672 P.
854 2604 992 2672 Canisio
1003 2607 1058 2673 del
1070 2617 1159 2676 stato
1170 2607 1259 2676 delle
1271 2628 1351 2676 cose

127 2722 169 2789 de
195 2720 350 2807 Dilinga,
376 2720 432 2788 nel
459 2719 538 2804 qual
567 2731 662 2786 tocca
683 2719 775 2787 molti
798 2719 895 2806 punti
916 2720 1020 2807 degni
1041 2722 1084 2788 de
1105 2721 1351 2790 consideratio-

128 2858 182 2919 ne;
200 2859 257 2903 ma
274 2837 318 2902 N.
338 2838 378 2902 Ρ.
398 2835 569 2922 preposito
586 2838 629 2902 ha
649 2835 823 2922 giudicato
840 2858 908 2903 non
925 2837 1031 2903 douer
1047 2839 1098 2904 lar
1118 2837 1274 2924 risposta,
1297 2836 1352 2905 in-

129 2951 238 3019 sinoa
261 2962 356 3018 tanto
377 2953 442 3018 che
462 2952 505 3019 V.
531 2952 571 3017 R.
596 2951 683 3020 ueda
702 2951 734 3019 le
755 2972 834 3018 cose
854 2951 888 3016 di
907 2952 953 3033 la,
976 2961 1011 3020 et
1029 2939 1103 3022 selli
1123 2953 1353 3022 mandarebbe

130 3078 250 3152 questo
278 3065 410 3149 scritto,
439 3087 476 3132 se
502 3088 572 3133 non
598 3064 626 3133 si
655 3065 775 3134 lacessi
799 3081 901 3133 conto
921 3069 985 3134 che
1004 3070 1080 3134 sard
1107 3067 1288 3136 insonnato
1308 3070 1353 3138 de

129 3183 245 3268 parola
261 3202 323 3268 per
339 3182 362 3247 il
382 3181 569 3250 medesirno
585 3184 626 3248 Ρ.
650 3181 800 3249 Canisio.
824 3183 870 3251 Se
890 3182 1018 3250 riserua
1034 3185 1195 3268 adunque
1215 3207 1236 3252 a
1254 3184 1307 3250 dir
1329 3185 1352 3250 il

129 3319 191 3364 suo
208 3318 330 3384 parere
346 3299 390 3364 N.
410 3300 451 3365 P.
469 3297 581 3364 insino
596 3298 724 3365 alhora:
743 3299 810 3364 ben
830 3297 853 3362 li
875 3319 955 3384 pare
974 3299 1038 3365 che
1058 3299 1087 3368 si
1108 3299 1207 3366 debia
1229 3322 1351 3385 proce-

129 3413 207 3483 dere
234 3422 460 3481 suauemente
480 3434 541 3498 per
562 3414 695 3494 adesso,
718 3415 876 3480 hauendo
897 3435 961 3499 pur
980 3414 1003 3478 l’
1027 3414 1139 3496 oehio,
1169 3427 1297 3499 quanto
1323 3415 1353 3482 si

128 3531 236 3615 potra,
255 3551 276 3595 a
291 3529 386 3598 leuar
400 3529 434 3597 le
449 3529 591 3596 misture
606 3528 649 3594 de
664 3528 806 3600 secolari
823 3551 887 3596 con
904 3529 927 3594 li
943 3531 1062 3611 nostri,
1081 3541 1116 3598 et
1129 3531 1161 3599 le
1177 3552 1256 3600 cose
1272 3554 1352 3618 pro·
1460 3612 1464 3620 ,

129 3663 239 3712 messe
255 3666 316 3731 per
331 3643 354 3709 il
370 3644 541 3713 cardinale
556 3665 616 3730 per
631 3643 655 3709 il
672 3665 772 3712 meno
786 3644 810 3710 li
825 3667 905 3731 pare
921 3646 1066 3714 debiano
1078 3646 1281 3714 obseruarsi.

193 3783 227 3848 9.
278 3759 450 3827 Andando
466 3759 488 3825 il
504 3781 653 3827 vescouo
664 3759 698 3825 di
711 3761 918 3828 Montaleino
931 3763 986 3829 dal
998 3762 1160 3842 cardinal,
1174 3783 1212 3830 se
1224 3761 1246 3827 li
1259 3762 1352 3829 dette

130 3873 342 3946 inmemoria
356 3875 381 3941 il
395 3877 582 3944 domandar
597 3875 737 3962 prestati
752 3875 775 3941 li
792 3875 867 3942 libri
884 3879 948 3945 che
964 3876 1054 3946 tiene
1074 3877 1109 3943 in
1130 3877 1350 3963 lngolstadi0,

130 3991 214 4060 etei
234 3995 281 4060 ha
300 3993 386 4060 fatto
407 3991 604 4078 rispondere
623 3994 687 4059 che
708 3991 737 4058 si
757 3991 812 4058 dia
833 4014 901 4060 una
921 3993 997 4061 lista
1024 3993 1103 4061 delli
1126 3993 1202 4060 libri
1226 4015 1352 4062 conue-

130 4105 235 4176 nienti
262 4129 322 4194 per
350 4106 376 4173 il
392 4107 539 4194 collegio
559 4118 688 4189 nostro,
710 4118 745 4174 et
765 4111 829 4176 che
849 4108 952 4193 quelli
972 4130 1009 4176 se
1030 4109 1242 4202 pigliaranno
1262 4110 1351 4178 della

129 4223 221 4292 detta
240 4223 389 4306 libraria,
410 4246 432 4291 ο
452 4225 496 4292 de
515 4224 601 4290 altra
621 4223 745 4304 banda,
768 4224 836 4290 osi
857 4245 1114 4312 compraranno
1144 4226 1224 4312 Non
1254 4247 1292 4292 so
1319 4226 1351 4292 la

182 4441 189 4474 ¹
227 4438 303 4495 Vide
317 4440 406 4512 epist.
425 4439 489 4508 323,
503 4458 532 4496 n.
547 4437 574 4507 3;
589 4445 619 4494 et
632 4437 695 4494 326.

176 4531 194 4596 ¹,
225 4527 285 4586 Ms.
301 4546 404 4584 annno
414 4533 624 4602 preparanno:
638 4546 673 4584 eo
686 4529 764 4601 quod
777 4527 912 4587 librarius
926 4528 1036 4586 oblitus
1050 4528 1091 4583 fui
1104 4527 1222 4584 delendi
1236 4545 1351 4602 annno,

128 4632 184 4688 quo
195 4616 275 4696 prius
288 4617 438 4690 inceperat
450 4619 577 4691 phrasim
589 4620 690 4674 hanno
699 4623 867 4692 preparato
880 4627 941 4678 etc.

181 4707 193 4740 ⁸
229 4707 265 4763 P.
282 4706 444 4780 Dionysius
455 4708 605 4780 Vazquez.
