3666 5384
407 421 441 478 36
820 419 856 473 ·Ρ.
877 417 1017 474 Nemus
1036 417 1201 472 Berraum.

474 636 531 705 52
547 657 572 702 v
927 634 1109 715 Vannsz

474 802 540 891 Egi
556 824 634 871 cum
655 800 758 889 priori
779 802 822 868 de
843 801 945 868 rebus
964 798 1197 887 collegiorum,
1221 808 1287 866 etc.
1311 797 1440 866 Censui
1460 819 1529 866 non
1548 819 1629 868 esse

407 919 581 988 habendas
596 918 730 986 scholas
745 915 912 1002 Venetijs,
930 916 991 982 sed
1007 924 1139 981 tantum
1152 913 1297 1000 Patauij.
1313 913 1470 995 Visitaui,
1485 923 1552 982 etc.
1565 915 1626 981 ln-

407 1033 521 1101 tellexi
536 1034 579 1100 de
595 1033 749 1101 Amoldo
764 1031 907 1112 flandrO,
925 1041 1007 1100 etc:
1021 1028 1097 1098 misi
1112 1029 1208 1097 illum
1223 1032 1366 1098 Romam
1378 1029 1414 1096 in
1425 1027 1624 1117 peregrina-

408 1148 546 1219 tionem.
566 1147 780 1217 Tenuissime
795 1146 851 1213 hic
865 1145 1029 1213 viuebant
1045 1145 1164 1226 nostri,
1182 1155 1360 1232 propterea
1374 1146 1467 1231 quod
1485 1145 1626 1214 aleban-

408 1274 464 1331 tur
479 1285 499 1330 a
513 1261 629 1350 priori:
647 1261 728 1329 huic
744 1261 793 1331 rei
808 1272 862 1328 est
876 1259 1051 1348 prouisum
1067 1261 1179 1346 quoad
1194 1260 1307 1347 potuit
1326 1263 1347 1326 ¹.

474 1443 532 1510 58
549 1461 575 1510 v
940 1440 1079 1508 Parnm
1081 1459 1098 1520 J

477 1609 544 1677 Hic
563 1607 633 1676 vidi
650 1608 897 1678 Bemardinum
914 1607 1115 1689 theatinum,
1133 1606 1192 1694 qui
1212 1607 1277 1674 suit
1296 1618 1415 1695 postea
1434 1608 1626 1677 cardinalis.

411 1724 569 1806 Visitaui,
587 1736 651 1794 etc.
671 1722 878 1811 Praescripsi
894 1744 938 1791 ne
953 1723 1121 1791 habitaret
1140 1722 1178 1790 in
1192 1723 1281 1790 horti
1297 1723 1406 1792 nostri
1423 1725 1551 1812 angulo
1566 1747 1630 1794 ex-

410 1850 529 1909 ternus
542 1841 754 1908 hortulanus.
773 1837 899 1926 Recepi
919 1838 1035 1907 literas
1052 1861 1072 1904 a
1088 1839 1190 1907 Patre
1205 1860 1250 1906 ne
1269 1860 1515 1922 commonerer,
1537 1841 1629 1926 quod

413 1957 575 2038 Paulus4
590 1954 754 2024 voluisset
770 1977 825 2023 me
840 1955 1026 2024 subsistere
1045 1953 1081 2020 in
1101 1954 1297 2037 Germania3
1319 1976 1357 2023 se
1372 1955 1460 2024 scire
1478 1955 1552 2024 eius
1565 1977 1630 2024 vo-

411 2071 590 2151 luntatem,
607 2069 697 2137 nolle
713 2091 768 2138 me
787 2069 824 2136 in
843 2069 1062 2138 Germaniam
1078 2069 1200 2139 redire.
1219 2071 1316 2138 Haec
1338 2091 1381 2139 ex
1399 2091 1514 2140 errore
1533 2079 1631 2139 erant

411 2186 575 2273 prosecta,
593 2207 672 2254 nam
687 2185 818 2252 dixerat
837 2183 1017 2252 cardinalis
1034 2187 1142 2253 Paulo
1159 2207 1213 2254 me
1232 2184 1424 2272 disputasse
1444 2205 1523 2252 cum
1538 2187 1631 2252 Fau·

412 2322 501 2381 sero,
519 2301 758 2369 concionatore
774 2300 1007 2383 Maximiliani‚
1021 2300 1116 2368 illum
1136 2322 1327 2387 superasse,
1340 2323 1417 2370 esse
1428 2322 1483 2368 me
1493 2303 1550 2370 54
1563 2301 1632 2367 vti-

414 2417 481 2483 lem
500 2415 536 2482 in
555 2417 756 2500 Germania;
780 2417 895 2502 itaque
915 2416 1157 2504 impetrauerat
1179 2423 1200 2484 ά
1219 2418 1328 2484 Paulo
1347 2427 1385 2484 vt
1404 2438 1576 2503 manerem
1595 2416 1633 2483 in

415 2531 611 2601 Germania:
630 2532 759 2602 interea
778 2553 846 2620 ego
862 2530 942 2600 veni
954 2533 989 2598 in
1004 2531 1147 2614 Italiam,
1161 2542 1196 2600 et
1207 2532 1342 2620 scripsit
1351 2534 1396 2599 ad
1407 2555 1462 2603 me
1474 2535 1515 2600 P.
1530 2533 1633 2620 lgna-

415 2646 495 2728 tius,
518 2647 609 2733 quod
633 2668 699 2735 ego
721 2647 864 2715 audiens
880 2645 963 2713 nihil
978 2647 1078 2734 plane
1097 2646 1228 2714 curaui:
1246 2647 1402 2734 rescripsi
1428 2648 1472 2716 ad
1496 2650 1633 2717 Patrem

416 2762 498 2830 mihi
514 2761 598 2829 nihil
613 2762 743 2830 dictum
758 2784 833 2831 esse
849 2761 985 2829 nomine
1003 2761 1112 2844 Pauli3
1127 2784 1181 2832 me
1192 2761 1337 2833 libenter
1351 2763 1531 2847 facturum,
1546 2783 1635 2850 quae

417 2877 489 2965 ipse
504 2878 670 2948 scriberet
686 2879 711 2944 ¹.
734 2878 740 2965 Ι

923 3059 1135 3126 Fennnnms

485 3227 565 3292 Huc
581 3247 652 3292 non
668 3225 794 3292 suimus
810 3224 947 3293 admissi
962 3236 1100 3313 propter
1111 3225 1216 3312 pestis
1227 3225 1465 3312 suspicionem,
1480 3237 1514 3296 et
1526 3236 1635 3295 totum

418 3339 508 3407 diem
529 3340 796 3426 expectauimus,
818 3351 856 3406 vt
882 3341 1083 3410 Pelletarius
1109 3341 1207 3409 nobis
1227 3341 1423 3428 impetraret
1444 3341 1633 3430 ingressum

422 3455 557 3524 tandem
581 3475 687 3542 quum
707 3455 790 3523 nihil
811 3456 1026 3539 confecisset,
1044 3459 1109 3524 sub
1135 3468 1269 3526 noctem
1290 3455 1401 3524 coacti
1416 3479 1534 3524 sumus
1554 3479 1636 3544 pro-

419 3570 517 3658 gredi
532 3570 685 3638 ulterius,
704 3571 873 3641 Postridie
890 3571 1016 3639 suimus
1028 3571 1064 3637 in
1075 3593 1207 3640 summo
1219 3571 1382 3658 periculo,
1400 3593 1479 3639 cum
1491 3572 1527 3638 in
1541 3593 1638 3659 cym-

420 3685 464 3752 ba
479 3707 557 3752 cum
574 3685 674 3771 equis
691 3686 995 3756 transmitteremus
1012 3688 1155 3755 Padum.

486 3867 541 3934 bb
935 3869 1126 3935 Bononmn

487 4034 560 4102 Nec
576 4036 644 4101 huc
666 4034 811 4121 primum
837 4035 963 4103 fuimus
987 4035 1135 4104 admissi:
1163 4036 1289 4104 suimus
1308 4037 1345 4104 in
1366 4041 1476 4106 horto:
1503 4040 1639 4108 tandem

422 4149 617 4235 impetrauit
634 4152 673 4218 P.
689 4151 716 4216 F
717 4149 892 4218 ranciscus
905 4151 1068 4220 Palmius.
1084 4151 1242 4233 Visitaui,
1260 4163 1327 4221 etc.
1342 4153 1495 4222 Intellexi
1506 4153 1641 4224 dificul-

348 4255 362 4284 ⁸
423 4272 528 4331 tatem
548 4264 681 4353 collegij
707 4276 845 4353 propter
866 4287 983 4334 curam
1003 4270 1205 4354 pastoralem
1227 4266 1397 4338 ecclesiae
1421 4269 1575 4337 Intellexi
1598 4270 1643 4338 dc

480 4544 487 4576 ¹
525 4541 623 4597 Infot.
637 4541 708 4612 531.
722 4543 764 4599 nn
777 4529 919 4617 scriptbm
932 4551 988 4600 est.

478 4634 489 4664 ¹
525 4629 575 4686 Ci.
593 4631 693 4704 Epist.
711 4632 834 4704 Natat„
847 4635 872 4705 1,
886 4631 949 4701 312,
963 4631 1026 4704 313,
1036 4651 1103 4690 curn
1116 4643 1218 4692 annot.
