3504 5386
628 490 662 550 η
682 478 880 536 succussis
901 479 970 548 1564
1354 493 1408 552 517

169 659 308 731 nostro,
326 649 465 719 hauerei
481 651 585 717 charo
600 650 637 715 d'
657 667 770 719 essere
790 648 815 715 il
835 649 942 735 primo
962 651 1086 716 chene
1107 649 1229 734 vcisse,
1246 652 1408 722 massimc

165 765 350 852 leggendo
364 765 398 832 io
413 784 481 850 qua
495 785 564 832 vna
575 764 717 833 lectione
732 784 835 830 senza
846 763 1067 850 obligatione,
1081 765 1114 832 la
1125 765 1206 852 qual
1218 769 1329 834 anche
1340 789 1405 854 po.-

169 881 299 948 trebbe
315 881 456 968 leggere
471 881 495 946 il
512 884 552 948 P.
568 879 800 949 Maximiliano
819 881 827 914 ¹
845 881 910 947 che
926 879 960 946 fa
971 879 995 945 l'
1009 879 1123 949 ufficio
1136 880 1171 946 di
1187 892 1326 964 rettore,
1341 905 1403 950 an-

165 997 326 1062 chorche
338 1017 405 1062 non
422 995 472 1062 sia
486 997 650 1082 palesato,
668 994 826 1063 massime
846 993 1005 1063 hauendo
1026 995 1059 1062 io
1080 997 1167 1064 letto
1185 999 1324 1082 quando
1340 1001 1404 1065 ha-

167 1131 266 1179 ueuo
282 1121 379 1197 parte
394 1111 450 1178 del
465 1131 530 1177 suo
545 1111 668 1192 carico,
683 1121 718 1178 et
733 1108 849 1177 auanti
866 1109 900 1176 di
917 1131 972 1178 me
983 1109 1007 1175 il
1020 1112 1060 1176 P.
1077 1109 1269 1195 Barchelio,
1283 1124 1319 1180 et
1330 1115 1402 1181 cosi

164 1224 292 1292 niente
308 1224 498 1294 necessaria
524 1229 545 1294 e
572 1226 630 1311 qui
646 1227 679 1294 la
700 1225 766 1291 mia
782 1225 964 1312 presentia.
988 1225 1183 1295 Parimente
1206 1237 1297 1294 tutto
1321 1231 1402 1314 quel

161 1342 226 1407 ch'
247 1341 283 1406 io
303 1342 338 1408 1ο
354 1351 389 1410 et
409 1363 509 1428 posso
532 1343 582 1407 lar
602 1363 682 1426 qua,
701 1341 833 1408 altroue
848 1343 957 1409 anche
973 1361 1039 1407 con
1054 1341 1086 1407 la
1102 1339 1213 1427 gratia
1228 1341 1263 1408 di
1284 1342 1351 1410 Dio
1368 1345 1402 1410 lo

161 1477 278 1542 posso
296 1455 329 1522 io
347 1457 417 1524 fare
433 1478 498 1524 con
519 1455 675 1543 maggior
695 1455 815 1522 liberta
837 1455 915 1537 mia,
939 1475 1037 1524 come
1059 1476 1171 1557 spem,
1194 1467 1229 1522 et
1251 1468 1400 1526 conten·
1466 1437 1467 1440 Ἴ

162 1581 279 1639 tezza.
301 1573 349 1640 La
364 1573 464 1652 onde,
483 1591 521 1638 se
536 1592 600 1657 pur
615 1582 737 1656 questo
751 1569 798 1635 mi
814 1567 857 1658 [e]
873 1569 974 1637 lecito
989 1569 1023 1634 di
1041 1571 1123 1651 lare,
1143 1572 1279 1658 (perche
1304 1574 1397 1640 altri-

158 1697 288 1756 mente
304 1685 418 1774 voglio
433 1706 547 1754 essere
562 1685 692 1754 irritata
711 1696 746 1752 et
761 1686 935 1753 annullata
953 1686 987 1751 la
1007 1685 1073 1752 mia
1093 1684 1259 1772 petitione
1278 1699 1313 1757 et
1329 1691 1396 1758 let-

160 1803 250 1886 tera)
268 1821 379 1888 prego
395 1823 414 1867 a
431 1803 476 1868 V.
491 1804 532 1869 R.
551 1791 667 1887 vo'glia
683 1823 743 1887 per
758 1821 813 1866 me
826 1797 1037 1867 intercedere
1052 1822 1191 1886 apresso
1211 1801 1267 1870 del
1285 1805 1397 1874 Padre

156 1927 288 1982 nostro
303 1919 367 1986 che
382 1937 438 1984 me
453 1917 580 1996 mandi,
599 1938 620 1984 o
635 1935 680 1982 en
696 1915 837 1996 Franza,
853 1915 921 1981 oin
934 1915 1158 2002 qualsivoglia
1170 1917 1256 1982 altro
1269 1918 1396 1987 luocho

156 2031 244 2098 tuor
260 2030 299 2097 di
314 2043 435 2118 questa
450 2030 639 2117 prouincia,
658 2053 695 2098 se
711 2052 774 2117 pur
789 2031 942 2098 ritruoua
957 2032 1021 2098 che
1037 2038 1159 2114 questo
1176 2031 1226 2097 far
1248 2031 1276 2098 si
1294 2054 1396 2118 possa

94 2225 100 2236 .
155 2167 227 2213 con
245 2145 364 2233 iguale
380 2146 489 2232 gloria
504 2147 538 2212 di
554 2145 633 2231 Dio,
651 2157 686 2215 et
702 2146 808 2212 frutto
824 2145 892 2212 mio
912 2145 1099 2231 spirituale.
1123 2147 1201 2212 Non
1223 2148 1309 2214 altro
1333 2170 1393 2234 per

151 2262 301 2341 adesse,
319 2281 426 2328 senon
442 2264 507 2330 che
523 2281 629 2348 prego
645 2282 699 2327 me
711 2261 825 2348 voglia
837 2264 964 2327 hauere
977 2263 1020 2328 V.
1039 2261 1081 2326 R.
1098 2261 1147 2327 fra
1163 2261 1267 2346 quelli
1279 2264 1335 2328 ch’
1349 2266 1395 2332 ha

155 2376 243 2446 nelli
259 2376 337 2443 suoi
354 2376 509 2444 sacrificii
525 2387 561 2443 et
576 2375 720 2444 orationi
736 2375 1034 2443 raccommandati.
1050 2375 1094 2441 Di
1110 2376 1260 2462 Tornay,
1279 2378 1336 2445 alli
1350 2380 1393 2446 26

150 2489 316 2581 diJunio
336 2493 431 2576 1564.
450 2495 494 2558 D.
514 2494 558 2559 V.
578 2494 619 2558 R.
638 2491 674 2558 in
691 2494 755 2559 X.⁰
772 2512 873 2560 seruo
889 2471 1071 2577 indegno,.¹

797 2609 952 2674 Hennes
970 2606 1211 2676 Wruofleum.

223 2725 259 2788 A
281 2727 391 2809 tergo:
411 2723 433 2810 †
455 2724 501 2790 Al
523 2724 628 2790 molto
651 2724 737 2790 Rd0.
764 2723 799 2789 in
823 2721 961 2790 Christo
982 2722 1094 2791 Padre
1117 2722 1140 2788 il
1169 2725 1210 2790 P.
1242 2726 1392 2791 Maestro

150 2836 373 2922 Hieronymo
400 2837 534 2919 Natale,
564 2838 795 2905 commissario
817 2838 977 2924 generale
1007 2837 1097 2906 della
1118 2838 1332 2925 Compagnia
1354 2839 1390 2905 di

144 2956 251 3042 Jesu,
272 2951 307 3017 in
326 2955 445 3020 Roma.
464 2953 585 3042 Sigilli
599 2955 796 3050 vestigium.

600 3315 780 3388 Jonuuas
800 3298 954 3371 sni'nm.

357 3431 541 3498 PATRI
575 3433 947 3501 HIERONYMO
984 3434 1193 3502 NADAL

498 3579 649 3635 vrcuuns,
670 3578 703 3634 27
722 3577 917 3622 ssersnnms
940 3566 1007 3634 1564
1026 3569 1048 3620 ¹.

147 3694 180 3736 1.
200 3681 301 3737 Suam
316 3683 516 3738 calmontana
533 3682 719 3755 Hungariae
738 3683 955 3754 expeditionem
968 3687 1109 3737 enarrat.
1121 3696 1181 3737 -2.
1204 3683 1386 3756 Episcopum

204 3787 278 3826 cum
289 3771 436 3826 haeretici
443 3788 547 3826 creare
556 3772 752 3843 promittunt,
766 3773 793 3825 si
804 3773 846 3825 ad
857 3788 962 3825 eorum
976 3775 1077 3825 castra
1090 3773 1249 3826 convolare
1267 3773 1388 3828 velit.—

206 3875 235 3931 3.
255 3860 355 3914 Sacra
371 3862 545 3916 ministeria
561 3879 629 3916 cum
641 3859 752 3932 fructu
769 3865 961 3929 exercet-4.
983 3859 1059 3915 Cum
1077 3862 1225 3916 haeretico
1238 3863 1385 3934 disputat:

204 3948 333 4022 collegii
344 3951 554 4021 penurie-5.
575 3950 670 4004 «luam
692 3951 806 4022 agendi
825 3950 973 4003 rationem
986 3949 1188 4004 exculcat-o.
1209 3949 1384 4006 Michae'lem

206 4038 282 4110 Spes
300 4037 410 4093 Natali
422 4040 620 4094 commendat.

757 4154 774 4207 †

736 4211 803 4286 lhs.

222 4359 253 4408 1.
306 4344 378 4408 Pax
393 4341 522 4408 Christi
539 4353 604 4410 etc.
624 4345 775 4429 Tempus
791 4363 846 4408 me
866 4343 1042 4421 admonet,
1067 4340 1258 4408 obedientia
1274 4340 1382 4419 iubet,

144 4455 290 4525 occasio
302 4456 440 4524 demum
457 4459 590 4540 suadet,
610 4457 692 4525 lude
707 4458 889 4524 admodum
905 4456 940 4522 in
957 4456 1094 4525 Christo
1112 4458 1225 4538 Pater,
1245 4467 1283 4522 ut
1298 4478 1388 4542 pau-

202 4621 212 4654 ¹
253 4615 471 4672 maximilianus
483 4635 501 4672 a
513 4617 643 4690 Capella.
659 4615 735 4672 Vide
748 4616 885 4689 append,
897 4617 920 4671 1.

198 4711 211 4744 ²
252 4706 297 4761 Ex
310 4708 501 4779 autographo,
518 4707 548 4764 in
563 4706 635 4762 Cod.
649 4721 687 4776 29
700 4706 745 4778 d),
759 4706 869 4779 duplici
882 4705 946 4777 iol,
960 4722 988 4776 4,
1003 4718 1018 4776 5
1031 4703 1107 4777 (268,
1121 4705 1195 4776 269).
