3526 5380
663 498 694 541 21
716 486 831 540 Msnrn
852 484 920 553 1563
1345 487 1398 558 ³³9
1422 511 1426 522 ·

148 639 205 706 N.
229 641 281 707 P.
299 659 371 724 que
386 660 423 705 se
440 648 635 725 represente
650 644 671 704 2
686 639 730 704 V.
754 639 810 719 R,
833 657 914 722 para
933 657 1001 723 que
1021 637 1105 706 mire
1127 638 1155 705 si
1176 640 1294 725 podria
1313 662 1399 726 ayu-

152 755 272 822 darse
289 759 366 820 mis
381 753 580 820 hazitndole
595 751 748 839 superior
763 751 806 818 de
818 752 923 838 algun
939 751 1096 850 coliegio.
1115 754 1193 822 Alu
1208 755 1312 822 desde
1328 759 1402 821 mis

156 889 288 948 cerea,
312 869 421 954 podri
445 867 639 935 considerat
659 876 732 934 este
752 866 898 954 negocio
917 869 962 934 V.
990 869 1030 934 R.
1056 868 1122 937 Del
1142 870 1261 936 doctor
1282 873 1367 958 Jaen
1392 873 1400 904 ¹

160 982 320 1050 tanbilen
339 988 474 1049 ocurrla
490 984 599 1050 dudar
613 982 640 1050 si
657 987 744 1049 seria
758 984 872 1050 bueno
884 984 1028 1051 trocarle
1039 1004 1104 1050 con
1116 986 1148 1052 el
1159 985 1272 1052 dottor
1285 985 1364 1052 Pisa
1376 987 1401 1062 '‚

164 1083 315 1186 porque
340 1100 457 1183 podria
480 1119 535 1164 ser
554 1119 621 1182 que
641 1097 768 1163 all'uno
788 1118 811 1181 y
833 1097 865 1162 al
884 1107 959 1163 otro
978 1101 1011 1165 le
1031 1099 1215 1182 quadrasse
1238 1106 1311 1165 mis
1333 1110 1406 1166 este

160 1213 329 1294 cambio,
348 1233 416 1298 que
432 1223 523 1280 estat
536 1214 648 1280 donde
664 1217 755 1293 esti,
778 1235 801 1298 y
821 1211 981 1279 uiniendo
996 1214 1029 1282 el
1043 1216 1106 1280 D.r
1127 1214 1207 1282 Pisa
1222 1221 1242 1282 tt
1257 1214 1404 1298 Vienna,

167 1350 321 1414 aunque
346 1350 391 1394 no
413 1327 574 1394 huuiesse
595 1329 638 1394 de
657 1348 757 1394 curar
779 1348 841 1412 por
861 1327 1048 1410 ordinario,
1069 1351 1113 1396 en
1134 1331 1240 1416 algun
1262 1351 1342 1397 caso
1362 1332 1407 1398 de

165 1443 386 1512 necessidad
401 1444 519 1528 podria
535 1465 614 1510 usar
629 1443 662 1509 la
678 1441 814 1509 caridad
829 1464 873 1510 en
890 1465 948 1511 ese
963 1443 1109 1530 collegio
1125 1437 1326 1525 de‘Vienna‚
1340 1455 1408 1531 que

161 1580 210 1626 es
226 1580 317 1626 cosa
333 1560 435 1624 sobre
450 1558 481 1624 la
498 1559 577 1644 qual
593 1559 636 1624 de
651 1558 716 1624 alls
731 1579 769 1624 se
784 1560 828 1623 ha
844 1560 953 1624 hecho
969 1561 1093 1625 mucha
1109 1559 1279 1626 instantia.

750 1806 846 1870 ΜΨ

520 1961 560 2026 Ρ.
588 1960 897 2029 HIERONYMUS
920 1962 1084 2028 NADAL

407 2118 564 2173 PATRI
595 2105 833 2177 Ausonio
864 2121 926 2174 un
957 2117 1203 2178 conoons

507 2255 699 2312 osunouru,
718 2254 804 2297 suun
824 2255 854 2296 21
875 2255 986 2299 uanru
1007 2242 1075 2312 1563
1093 2245 1115 2302 ⁸.

347 2367 587 2440 Difficultatibus
599 2371 627 2422 et
639 2367 907 2422 consultationibus
916 2369 1081 2441 propositis
1094 2372 1264 2442 respondet.

256 2493 414 2580 Epistola
442 2493 565 2558 Petris
592 2492 710 2558 Nadol
736 2493 781 2556 ad
812 2494 856 2558 P.
886 2495 1075 2559 Antonium
1102 2494 1143 2560 de
1176 2496 1327 2561 Corduba
1355 2504 1420 2582 per

181 2615 232 2678 P.
255 2609 451 2676 Poloncum
473 2610 511 2672 in
532 2608 741 2693 Hispaniam
763 2609 969 2674 transmissa
985 2609 1063 2696 fuit
1083 2625 1126 2675 21
1145 2609 1270 2676 Martii
1294 2613 1359 2695 156
1361 2627 1380 2694 5
1397 2611 1421 2690 ⁴,

181 2733 226 2793 ut
243 2747 292 2793 ex
307 2728 453 2811 regesto,
463 2724 531 2811 sol.
550 2724 654 2811 infra
670 2725 778 2802 auro,
798 2727 926 2788 cuntot
942 2723 996 2789 lu‘s
1010 2725 1133 2790 verbis:
1156 2751 1170 2785 r
1181 2726 1212 2790 T
1207 2726 1310 2792 oiedo.
1330 2727 1423 2792 Pro-

186 2841 340 2908 oinoiol.
357 2855 400 2904 21
416 2839 539 2904 Marzo
555 2839 620 2920 156
622 2853 682 2919 3...
702 2839 794 2923 Aqui
809 2859 856 2903 ua
870 2859 942 2902 uua
967 2839 1054 2904 tetra
1069 2839 1122 2904 det
1142 2842 1186 2906 P.
1206 2841 1313 2906 Notat
1331 2848 1424 2926 pora

189 2960 223 3024 el
240 2960 288 3024 P.
306 2957 355 3021 D.
378 2955 537 3020 Antonio.
559 2951 652 3036 Quid
672 2957 783 3018 autem
805 2955 843 3018 iu
868 2954 927 3017 illa
947 2955 1085 3038 epistola
1106 2957 1336 3021 contineretur
1355 2977 1425 3021 non

188 3077 341 3140 ¹constat.
356 3061 497 3154 Aliquid
507 3069 663 3156 fortasse
675 3067 907 3154 attingebatur
919 3089 961 3133 ex
973 3069 1027 3148 iis,
1040 3090 1126 3154 quae
1138 3071 1205 3154 ipsi
1218 3071 1262 3135 Ρ.
1277 3071 1426 3136 Antonio

189 3207 238 3272 25
261 3185 449 3254 Februarii
465 3184 506 3248 ab
521 3183 633 3249 eodem
651 3183 801 3249 Polaneo
816 3183 1050 3248 scribebantur
1066 3185 1157 3250 lusce
1178 3185 1302 3251 verbis:
1320 3185 1427 3251 «Res-

188 3305 268 3371 eiur'
288 3307 376 3369 estas
395 3300 473 3365 dias
488 3320 561 3365 uua
580 3299 668 3363 tetra
688 3298 728 3362 de
751 3298 787 3362 V.
808 3299 852 3364 R.
874 3298 915 3363 de
938 3315 981 3364 20
1001 3299 1042 3364 de
1065 3299 1210 3366 Octubre
1229 3301 1329 3367 desde
1348 3301 1427 3366 Mo-

114 3411 122 3426 ’
191 3419 292 3500 trid,
313 3439 337 3504 y
357 3416 481 3481 boltbse
501 3415 584 3500 oqui
604 3416 634 3480 el
655 3415 699 3480 P.
724 3413 841 3479 Nadal
861 3435 924 3499 que
941 3414 1087 3480 tumbie'n
1108 3416 1249 3481 rescibib
1264 3421 1350 3498 otro,
1369 3416 1428 3501 γά

189 3538 227 3604 tl
244 3533 354 3622 qraeat
369 3552 477 3620 eergo
491 3531 533 3596 de
552 3530 748 3614 responder,
767 3550 881 3616 yereo
900 3529 931 3593 to
952 3529 1041 3594 barri
1065 3531 1164 3596 desde
1184 3530 1426 3616 Hispruclr.....

197 3652 345 3735 Quanto
355 3647 378 3712 ά
392 3649 426 3712 la
442 3645 603 3726 multitud¹
614 3645 654 3710 de
665 3646 717 3709 las
734 3646 852 3732 regias
863 3665 926 3731 que
942 3647 971 3710 ei
987 3647 1072 3712 Pre.
1088 3645 1205 3712 Natat
1220 3668 1262 3732 ay
1277 3646 1372 3726 dexo,
1386 3668 1431 3732 ya

200 3772 405 3786 -ι--·-

260 3824 268 3855 ¹
306 3819 346 3872 P.
362 3813 565 3871 Ferdinandus
577 3813 663 3884 Jain,
676 3812 878 3885 cordubensis,
891 3813 1035 3869 admissus
1049 3813 1079 3868 in
1095 3813 1220 3884 collegio
1236 3812 1433 3886 complutensi

200 3921 237 3978 27
252 3905 335 3978 Junii
347 3917 426 3975 1559,
438 3919 538 3959 sacrae
549 3902 715 3973 theologiae
728 3901 831 3957 doctor
843 3901 1003 3974 Compluti,
1014 3909 1045 3957 et
1056 3901 1124 3956 dein
1137 3903 1248 3956 Romae
1259 3912 1289 3957 et
1302 3902 1333 3957 in
1345 3904 1432 3958 colle-

196 3997 255 4069 gio
267 3993 497 4060 vindobonensi;
517 4000 619 4063 postea
631 3998 728 4045 rector
737 3990 856 4062 collegii
867 3990 1093 4059 maceretensis;
1107 3999 1137 4045 et
1150 3990 1268 4045 tandem
1281 3991 1433 4062 poeniten-

203 4085 309 4142 uarius
326 4081 364 4138 sd
380 4081 412 4138 S.
431 4082 551 4136 Petrum
568 4080 600 4136 in
613 4079 765 4135 Vaticano:
784 4080 858 4135 obiit
875 4081 986 4136 Romae
1002 4093 1034 4149 17
1049 4080 1155 4152 Aprili,
1171 4080 1249 4150 1567.
1263 4079 1314 4135 Cf.
1331 4081 1434 4136 Aucu-

203 4187 279 4247 ΖΑΒ,
295 4172 498 4230 chrona-hut.
505 4211 514 4236 ‚
528 4167 553 4240 I,
566 4167 629 4239 374.

258 4267 270 4298 ¹
309 4263 478 4333 Alphonsus
491 4259 627 4329 Pisanus,
640 4256 724 4329 cujus
738 4273 861 4312 examen
873 4258 965 4312 habes
980 4256 1011 4312 in
1023 4257 1166 4329 append.‚
1180 4258 1207 4314 1.
1224 4259 1289 4312 Hoc
1302 4266 1433 4329 tempore

200 4360 270 4408 eret
281 4354 375 4408 lector
387 4366 487 4404 sacrae
500 4347 668 4418 theologiae
681 4345 712 4402 in
725 4345 919 4402 universitate
932 4345 1169 4418 ingolstadiensi.

260 4441 272 4474 ⁸
307 4441 353 4496 Ex
365 4440 507 4510 Regesto,
524 4435 597 4492 Coei.
613 4451 646 4508 33
660 4437 698 4504 c),
714 4435 744 4490 ff.
768 4450 832 4504 204,
846 4449 910 4505 247.
924 4435 958 4491 ln
976 4435 1117 4506 margine,
1132 4435 1182 4492 lol.
1197 4449 1265 4504 204:
1274 4435 1357 4507 soon
1374 4437 1436 4489 An·

207 4532 294 4586 tonia
305 4533 342 4586 de
359 4527 504 4584 Corduba.
523 4541 559 4597 23
571 4527 714 4582 Febrero.

266 4623 278 4653 ⁴
313 4620 346 4674 In
361 4615 484 4690 epistola
497 4625 596 4672 tamen
609 4613 673 4684 263,
688 4634 720 4671 n.
737 4629 765 4686 9,
779 4613 886 4670 dicitur
899 4631 963 4669 eam
977 4630 1035 4668 non
1049 4631 1141 4686 usque
1155 4612 1191 4668 ad
1203 4610 1282 4668 diem
1297 4611 1331 4667 23
1344 4621 1439 4668 trans·

211 4708 333 4764 missam
345 4706 451 4763 fuisse.
