3666 5384
729 499 797 568 Ι556
1340 516 1374 573 45

157 639 385 739 puedesufri13
399 663 466 720 etc.
482 654 588 720 dahos
611 653 739 738 priessa
761 662 880 718 contra
908 665 1001 722 estos
1013 653 1146 742 ssscri—
1156 667 1234 723 »etc
1249 657 1271 721 ¹.
1287 657 1374 724 Nam

159 769 217 834 fuit
229 767 286 835 hic
302 769 412 835 bonus
428 768 545 834 Canus
560 768 752 855 postulatus
773 778 876 853 atque
897 771 1027 838 electus
1042 770 1077 835 in
1098 770 1295 856 episcopum
1307 771 1374 838 Ca-

159 885 351 953 nariensem:
369 895 595 969 conquestum
611 883 713 951 audio
728 885 820 970 quod
834 907 905 952 non
916 889 1031 972 posset
1042 885 1176 953 labores
1192 884 1376 973 professio·

161 1001 208 1066 nis
222 999 413 1087 theologiae
428 999 591 1086 perferre,
609 1000 700 1085 quod
722 1021 848 1066 munus
867 999 968 1068 docte
990 1011 1026 1067 et
1046 1022 1124 1066 cum
1145 1001 1255 1087 gratia
1275 1022 1377 1088 gere-

161 1117 223 1182 bat.
243 1116 431 1184 Voluerunt
450 1136 530 1183 eum
551 1114 703 1182 fortassis
719 1115 916 1202 ablegatum
932 1136 1010 1182 cum
1026 1119 1155 1183 honore
1176 1116 1210 1182 in
1230 1116 1375 1185 insulam

161 1241 287 1316 propter
305 1229 528 1298 dificultatem
557 1229 698 1316 ingenij.
724 1230 847 1298 Obiter
868 1229 1000 1298 dixerat
1021 1230 1069 1296 illi
1094 1231 1264 1318 princeps:
1294 1234 1376 1313 «Te,

162 1349 204 1414 ll.
226 1348 326 1426 Cane,
355 1346 400 1412 ad
426 1347 555 1430 majora
581 1345 826 1413 destinamus.»
849 1347 907 1413 76
932 1349 1012 1414 Hoc
1040 1347 1121 1416 fecit
1141 1359 1191 1428 vt,
1215 1347 1377 1434 postridie

163 1483 255 1547 quam
269 1471 356 1529 esset
367 1472 588 1529 consecratus
609 1461 788 1548 episcopus
805 1461 1025 1542 canariensiS‚
1044 1463 1244 1550 episcopatu
1262 1485 1300 1533 se
1316 1464 1376 1530 ab

164 1577 290 1657 dicaret,
310 1578 403 1663 quod
423 1576 552 1643 caesari
568 1578 692 1644 Carolo
715 1587 750 1644 et
775 1577 933 1665 Philippo
953 1582 1175 1671 vehementer
1191 1578 1374 1665 displicuit,
1438 1555 1441 1564 Ι

166 1713 222 1762 nec
236 1693 373 1780 amplius
388 1691 425 1759 in
440 1715 519 1760 eum
534 1691 685 1758 animum
702 1691 912 1774 adiecerunt,
931 1695 988 1762 vel
1003 1693 1199 1781 cogitarunt
1216 1695 1260 1760 ad
1275 1694 1378 1761 alium

168 1808 380 1896 episcopatum
397 1807 591 1894 designare.
611 1807 702 1874 Hinc
719 1819 795 1875 orta
811 1809 962 1876 creditur
976 1809 1010 1875 in
1023 1809 1207 1877 Araozium
1220 1809 1376 1890 offensio,

169 1921 231 1990 siu'e
244 1922 399 2010 suspicio,
413 1922 509 1990 illum
523 1923 615 2008 apud
632 1921 828 2009 Philippum
843 1923 1008 2011 impedire
1024 1947 1067 1994 ne
1088 1925 1260 2010 potentior
1280 1925 1378 1992 fieret

169 2039 327 2126 episcopus
347 2040 353 2127 Ι
374 2041 502 2107 Canus.
514 2041 628 2124 Quam
640 2039 867 2124 suspicionem
880 2040 1007 2108 scimus
1019 2040 1159 2110 diluisse
1168 2039 1375 2127 Philippum:

171 2176 258 2239 quum
273 2157 360 2224 enim
377 2155 512 2223 audiret
524 2154 687 2239 conqueri
699 2156 742 2221 de
756 2155 906 2222 Araozio
917 2157 1064 2236 Canum,
1082 2155 1236 2242 «injuria,
1254 2154 1376 2240 inquit,

170 2272 368 2358 conqueritur
383 2273 427 2338 de
442 2269 591 2339 Araozio
607 2272 737 2352 Canus;
756 2271 851 2338 illum
868 2272 984 2338 laudat
1000 2270 1183 2353 AraoziuS,
1200 2293 1270 2338 non
1286 2274 1379 2338 hunc

172 2385 300 2454 Canus.»

224 2505 463 2571 Perseuerante
482 2505 547 2569 hac
567 2503 652 2570 Cani
673 2500 886 2569 animositate
908 2501 944 2568 in
964 2523 1039 2582 nos
1061 2501 1156 2570 venit
1177 2501 1378 2568 Tridentum

173 2618 206 2681 ad
222 2619 398 2685 secundam
418 2617 551 2704 concilij
574 2617 889 2705 congregationem.
912 2617 963 2685 Ibi
983 2619 1104 2687 volens
1125 2618 1219 2684 illum
1244 2619 1379 2704 placare

174 2732 206 2797 P.
218 2735 341 2819 Laynes
352 2755 432 2800 curn
445 2734 657 2814 Salmerone‚
671 2735 856 2800 etstudens
868 2755 920 2814 ea,
930 2733 1055 2818 quibus
1070 2731 1250 2798 videbatur
1262 2733 1378 2799 Canus

175 2849 290 2929 offendi,
307 2850 450 2930 diluere,
468 2851 555 2918 adeo
570 2847 745 2918 fastidiose
761 2860 795 2917 et
807 2849 1027 2935 contemptim
1044 2870 1123 2915 cum
1139 2847 1221 2934 ipsis
1237 2847 1322 2934 egit,
1340 2859 1377 2912 vt

175 2982 281 3050 magna
294 2987 381 3052 opus
396 2964 632 3033 haflbuerint
648 2963 683 3030 in
700 2986 741 3032 eo
758 2985 947 3052 congressu
965 2963 1139 3050 patientia.
1161 2965 1249 3030 lllud
1265 2973 1378 3032 tamen

177 3077 209 3142 P.
221 3079 354 3164 tames,
368 3091 406 3146 vt
417 3089 491 3146 erat
503 3080 676 3166 ingenuus
692 3091 795 3164 atque
807 3091 946 3166 apertus
960 3079 1047 3146 ferre
1058 3100 1129 3146 non
1141 3078 1265 3165 potuit,
1287 3078 1378 3162 quod

174 3189 228 3258 iam
240 3215 301 3262 non
315 3207 389 3262 erat
407 3205 474 3262 tam
491 3195 527 3261 in
543 3217 606 3261 nos
622 3195 907 3264 contumeliosum
930 3215 1031 3279 quam
1053 3193 1089 3261 in
1108 3195 1224 3262 sedem
1241 3203 1379 3280 aposto-

174 3305 255 3375 licam
269 3309 438 3378 iniurium:
461 3309 608 3396 «abigite
629 3309 724 3399 (dixit
747 3311 875 3396 Canus)
897 3310 980 3378 istas
1011 3310 1217 3390 nouitates»,
1235 3308 1378 3404 insimu-

173 3421 234 3490 lans
260 3425 385 3494 scilicet
415 3425 622 3496 Societatem
657 3424 821 3493 nouitatis
857 3425 892 3491 in
922 3423 1099 3510 religione.
1139 3426 1216 3491 Hoc
1251 3425 1379 3490 bonum

174 3537 207 3602 P.
223 3540 347 3626 laynes
362 3541 449 3609 adeo
465 3540 646 3627 permonit,
665 3551 701 3606 vt
717 3540 892 3627 hispanice
909 3539 1001 3607 illam
1018 3539 1189 3608 retaliaret
1201 3549 1380 3607 contume-

173 3652 238 3720 liam
255 3654 351 3724 «istas
373 3656 507 3744 (inquit)
528 3658 695 3726 merdas».
720 3659 763 3723 Et
778 3658 844 3723 hoc
865 3656 983 3725 dicens
1004 3655 1141 3743 reliquit
1168 3657 1314 3736 Canum;
1345 3665 1380 3724 et

176 3777 271 3837 tamen
280 3773 466 3840 non--'
477 3771 579 3840 domo
590 3793 752 3859 egressus
764 3781 849 3852 erat,
872 3770 878 3859 Ι
898 3792 1005 3856 quum
1017 3791 1096 3838 eum
1108 3770 1199 3838 illius
1211 3769 1380 3838 libertatis

177 3885 331 3966 poenituit.
361 3890 480 3974 ltaque
501 3887 648 3972 rediens
678 3887 910 3974 prouolutus⁵
932 3885 1123 3974 postulauit
1143 3887 1186 3953 ab
1208 3885 1266 3952 illo
1286 3887 1299 3919 ⁴
1318 3907 1380 3954 ve-

177 3996 260 4066 niam.
274 4004 346 4070 Hoc
362 4003 428 4072 suit
443 4004 536 4090 apud
548 4004 681 4070 Canum
699 4013 797 4069 atrox
812 4001 954 4082 crimen,
972 4010 1007 4069 et
1023 4001 1147 4088 dequo
1161 3999 1381 4086 hyperbolice

180 4130 226 4194 per
239 4118 452 4206 aposiopesim
469 4119 597 4188 referre
613 4119 701 4187 solet
716 4127 751 4187 et
766 4117 941 4203 conqueri.

182 4223 374 4246 εκ--ιιω

226 4265 232 4296 ¹
262 4265 313 4340 Sic,
330 4271 424 4326 verbo
440 4269 632 4342 incompleto.
651 4269 740 4324 Forte
757 4269 871 4325 scribas
887 4286 907 4339 y
918 4267 1056 4340 fariseos
1073 4265 1257 4338 subintelligi
1279 4267 1382 4324 voluit.

186 4343 248 4402 Haec
258 4359 335 4414 verba
344 4358 469 4430 hispano
483 4375 618 4414 sermone
628 4358 738 4431 scripta
752 4355 862 4414 suntin
875 4355 1022 4428 margine.

195 4517 199 4528 ¹
227 4439 236 4468 ¹
263 4441 305 4499 Est
316 4449 364 4504 hic
381 4448 506 4502 verbum
524 4449 648 4503 obscure
666 4447 819 4520 scriptum,
838 4445 997 4518 quoderat
1015 4437 1174 4517 legendum
1188 4445 1314 4516 videtu13
1328 4444 1382 4502 sed

192 4519 281 4582 Merita
291 4537 433 4610 repetitur
446 4536 525 4590 idem
538 4538 671 4593 verbum.

229 4609 237 4642 ¹
264 4617 327 4692 Ma,
337 4625 551 4700 prouolutius.

225 4699 234 4730 ⁸
261 4703 331 4786 liu.¹
344 4715 443 4770 aillo.

264 4807 347 4866 Rem.
361 4821 390 4867 P.
405 4821 508 4878 Nonne,
522 4832 580 4866 sorr.
594 4819 627 4866 11.
