3666 5384
408 460 445 516 30
832 461 866 516 P.
887 461 1028 518 Nimis
1047 461 1213 519 Etnruria.

473 677 529 742 :17
545 697 572 742 v
944 676 1114 745 Ganoms

471 844 629 925 Visitaui,
648 855 714 912 etc.
734 847 783 912 lbi
799 845 987 913 doctrinam
1003 845 1174 931 xpianam.
1188 846 1359 915 docebant
1373 847 1410 914 in
1425 849 1545 928 classe,
1560 869 1632 934 quo

404 960 656 1031 conueniebant
667 961 776 1048 pueri,
791 961 936 1047 puellae,
951 960 1026 1042 viri,
1039 961 1209 1028 mulieres.
1222 963 1407 1031 Habebant
1417 963 1630 1033 ceremonias

403 1077 535 1161 aliquas
551 1076 585 1144 in
603 1077 724 1163 officijs
740 1076 867 1144 diuinis
882 1075 1046 1162 proprias
1062 1077 1130 1143 Hic
1142 1076 1293 1145 intellexi
1305 1100 1454 1148 errorem
1466 1079 1625 1166 aedilicij,

405 1195 498 1278 quod
513 1194 629 1260 nullus
648 1203 802 1262 curasset
821 1214 901 1259 cum
921 1193 1169 1273 aedificaretur,
1191 1203 1259 1260 etc.
1284 1195 1503 1262 Mutauerant
1523 1195 1628 1262 ratio-

404 1320 496 1382 nem,
515 1321 618 1385 quam
635 1309 817 1368 tenuerant
832 1298 939 1384 priuS,
962 1320 1065 1384 quam
1086 1310 1288 1386 acceperant
1309 1299 1451 1388 (opinor)
1472 1323 1628 1370 amona-

403 1418 471 1482 cho
488 1415 544 1482 illo
561 1417 711 1495 Taxeda,
730 1425 796 1484 etc.
816 1413 998 1500 Displicuit
1018 1414 1099 1480 mihi
1120 1416 1213 1499 quod
1228 1415 1415 1484 retinerent
1434 1437 1551 1484 euram
1566 1417 1629 1484 38

403 1530 576 1600 deniensis
595 1530 746 1618 parochi,
770 1541 836 1599 etc.
859 1531 942 1598 lnde
963 1529 1041 1596 veni
1058 1530 1220 1598 Mursiam
1240 1533 1261 1596 ¹.
1280 1532 1350 1598 Iam
1370 1541 1548 1618 acceperat
1563 1533 1629 1600 do-

403 1668 496 1713 mum
512 1646 741 1713 simancanam
760 1648 799 1712 P.
824 1644 1039 1724 Franciscus,
1058 1667 1112 1713 me
1128 1645 1336 1712 inconsulto:
1355 1645 1420 1712 iam
1438 1646 1505 1713 illic
1527 1646 1629 1714 insti-

401 1772 515 1830 tuerat
530 1762 670 1826 domum
686 1759 908 1846 probationis.
930 1758 937 1847 Ι

931 1939 1100 2005 Monstra
1158 1935 1166 1954 ⁸

469 2111 519 2176 Ibi
535 2119 608 2177 erat
625 2108 778 2194 Baptista
795 2097 929 2174 Barma.
954 2106 1112 2175 Visitaui.
1135 2106 1355 2174 Confecimus
1371 2117 1423 2174 sat
1444 2110 1624 2177 commode

399 2227 443 2293 de
456 2223 655 2291 fundatione
666 2222 814 2309 collegij.
830 2222 988 2307 Vidjmus
1000 2221 1193 2289 eremitoria
1203 2233 1238 2290 et
1249 2243 1435 2304 secessum,
1448 2246 1549 2309 quem
1560 2247 1604 2312 pa

398 2349 533 2407 rauerat
551 2340 590 2406 P.
610 2339 803 2405 Francisco.
824 2338 905 2404 Inde
927 2335 1136 2418 Alicantum,
1154 2335 1213 2403 vbi
1228 2339 1454 2424 expectabant
1471 2361 1526 2409 me
1540 2361 1621 2407 cum

397 2454 543 2541 pecunia
562 2455 659 2521 Gous
684 2464 719 2519 et
741 2454 883 2520 Ioannes
910 2453 1050 2518 Paulus.
1080 2452 1161 2518 Erat
1182 2451 1409 2538 nauigaturus
1433 2453 1468 2519 in
1489 2455 1620 2524 ltaliam

394 2573 440 2638 D.
461 2568 693 2638 Bernardinus
705 2578 867 2652 quattuor
879 2565 1082 2635 triremibus

462 2749 524 2815 oo
591 2751 800 2816 Naoroamo
818 2767 862 2813 ax
878 2747 1060 2813 Hispania
1081 2766 1118 2812 nt
1136 2746 1287 2812 lantiam
1305 2767 1416 2814 anina

459 2901 730 2985 Conscendlmus
746 2936 825 2982 cum
842 2915 996 3002 pecunijs
1012 2918 1059 2984 M.
1078 2917 1245 2983 Emanuel
1260 2926 1294 2982 et
1310 2937 1388 3004 eg0,
1405 2939 1468 2984 nec
1480 2920 1548 2986 vlla
1559 2941 1615 2987 ra·

392 3033 485 3100 tione
502 3032 674 3118 potuimus
693 3030 848 3098 obtinere
863 3040 899 3096 vt
916 3031 1059 3099 Ioannes
1076 3032 1206 3098 Paulus
1221 3041 1256 3099 et
1276 3032 1374 3099 Gous
1394 3033 1616 3102 admitteren-

391 3159 458 3214 tur.
478 3148 759 3215 Conscenderant
774 3145 809 3210 in
825 3145 1027 3231 praetoriam
1043 3145 1112 3213 don
1128 3144 1240 3232 Diego
1256 3157 1290 3212 et
1306 3148 1442 3229 Loarte,
1460 3158 1494 3218 et
1510 3150 1613 3236 longe

390 3260 568 3330 honestius
589 3283 691 3346 quam
712 3281 774 3327 nos
796 3261 934 3329 fuerunt
948 3259 1097 3348 accepti.
1128 3258 1293 3328 Venimus
1321 3262 1461 3328 Saloum
1482 3263 1511 3328 ¹:
1533 3264 1612 3330 inde

388 3399 496 3463 quum
509 3374 759 3444 Barchinonam
774 3375 997 3454 venissemus,
1016 3385 1129 3443 metus
1141 3397 1161 3440 a
1173 3373 1321 3441 ciuitatis
1348 3377 1526 3446 tormentis
1553 3401 1611 3446 ae·

388 3494 473 3573 neis,
489 3493 581 3577 quod
592 3491 762 3559 deiecerat
774 3492 843 3558 don
856 3489 1086 3559 Bernardinus
1097 3489 1259 3558 vexillum
1276 3490 1421 3560 triremis
1437 3514 1612 3561 commen-

385 3607 514 3673 datoris
530 3605 667 3672 maioris
684 3607 708 3671 ⁵.
732 3607 814 3672 Inde
834 3607 975 3673 Saloum
996 3626 1142 3684 rursum,
1165 3603 1170 3693 Ι
1190 3606 1280 3673 vnde
1299 3627 1366 3693 ego
1387 3608 1481 3674 solus
1503 3619 1608 3678 terre-

440 3780 449 3810 ¹
487 3773 536 3831 Sic
550 3791 601 3847 pro
616 3773 778 3838 Murciam,
793 3773 841 3829 hic
854 3783 885 3830 et
897 3772 983 3829 infra.

437 3868 448 3901 ¹
486 3863 621 3920 astron:
638 3862 732 3918 Aldea
749 3881 769 3934 y
786 3871 889 3935 puerto
906 3861 1045 3918 habitacio
1062 3879 1131 3935 para
1149 3863 1176 3917 el
1194 3863 1340 3919 comercio
1357 3866 1383 3919 al
1404 3866 1566 3938 estranjero
1586 3885 1609 3939 y

381 3955 528 4025 cabotage
544 3970 582 4008 en
602 3955 629 4008 la
649 3969 744 4025 prov.,
763 3952 877 4024 partido
892 3951 1012 4023 judicia}
1030 3969 1050 4022 y
1067 3951 1194 4008 diocesis
1213 3952 1250 4007 de
1263 3953 1466 4024 Tarragona.»
1480 3955 1610 4016 Mnooz.

383 4043 579 4100 Diccionorio
593 4041 780 4117 geografico.

436 4135 446 4167 ⁸
485 4133 529 4187 «A
542 4147 576 4187 20
588 4133 625 4187 de
639 4131 817 4200 Setiembre,
830 4129 1000 4186 hallandose
1013 4147 1051 4186 en
1069 4131 1096 4186 el
1111 4131 1219 4187 Muelle
1231 4131 1268 4186 de
1282 4133 1441 4188 Barcelona
1454 4131 1507 4187 dos
1520 4131 1609 4188 Gale-

380 4239 428 4279 ras
438 4221 485 4276 del
499 4220 702 4277 Comendador
715 4221 817 4292 Mayor
830 4221 897 4274 Don
910 4219 981 4274 Luis
994 4219 1031 4274 de
1041 4219 1157 4291 Zufiiga
1166 4239 1186 4292 y
1196 4220 1381 4293 Requesens,
1392 4228 1529 4275 entraron
1539 4238 1609 4293 qua-

379 4321 424 4367 tro
438 4310 559 4367 Galeras
572 4311 619 4366 del
633 4311 709 4382 Rey,
722 4325 799 4381 cuyo
813 4309 941 4364 General
956 4325 1005 4363 era
1017 4309 1084 4363 Don
1097 4308 1277 4364 Bernardino
1289 4309 1327 4364 de
1338 4308 1489 4364 Mendoza:
1502 4310 1530 4363 el
1540 4311 1607 4382 qual

376 4401 447 4456 dixo
458 4401 484 4455 31
498 4399 622 4472 Capitan
634 4399 672 4454 de
686 4401 713 4454 la
726 4400 736 4452 (
751 4397 869 4470 apitana
881 4397 918 4452 de
930 4397 1114 4471 Requesens,
1124 4415 1182 4471 que
1192 4415 1310 4454 sacasse
1320 4415 1355 4452 su
1363 4397 1549 4453 Estandarte:
1561 4415 1608 4453 es-

375 4492 483 4545 cusose
496 4506 620 4561 conque
636 4506 685 4544 era
698 4487 732 4542 dr
755 4489 782 4542 13
799 4487 924 4556 religion
938 4485 976 4541 de
994 4485 1145 4558 Santiago:
1165 4487 1310 4543 Embistio
1328 4484 1471 4542 Mendoza
1488 4503 1544 4542 con
1562 4487 1606 4542 las

373 4585 479 4652 quatro
492 4578 625 4648 Ceteras,
639 4582 723 4633 entro
736 4595 774 4632 en
787 4578 815 4631 la
828 4574 981 4648 Capitana,
996 4577 1070 4632 echo
1082 4592 1119 4630 cn
1133 4593 1194 4632 mar
1208 4579 1236 4633 el
1254 4575 1440 4648 Estandarte,
1458 4595 1478 4648 y
1490 4577 1604 4632 llevose

374 4670 403 4723 al
417 4667 526 4724 Patron
540 4667 668 4722 Antonio
682 4665 804 4738 Miguei,
817 4681 837 4736 y
850 4667 867 4718 31
879 4672 959 4720 otros
972 4663 1111 4723 Oficiales
1121 4664 1158 4720 de
1172 4667 1199 4720 la
1211 4665 1329 4737 Galata,
1343 4667 1397 4721 ala
1407 4682 1491 4740 suya.
1505 4662 1605 4720 Sintia
