3634 5396
754 503 920 559 aermon
1387 507 1441 564 661

224 677 290 725 me.
305 656 487 722 Caeterum
500 675 542 722 111
555 653 871 743 calendasJanuarij
885 654 979 724 venit
992 657 1097 724 adme
1108 655 1274 743 magister
1283 659 1408 726 Petrus
1423 661 1446 739 ¹,

222 766 291 846 vnp
308 754 441 810 tantum
462 743 555 810 socio
573 744 773 826 comitatus,
795 755 832 810 et
849 765 893 812 eo
911 743 1015 827 laic0,
1037 766 1099 830 pro
1119 765 1189 830 quo
1208 767 1279 814 non
1300 746 1449 815 minores

224 855 291 920 ago
307 832 434 920 gratias
449 834 490 899 R.
511 835 550 900 Ρ.
570 835 629 916 V.',
647 854 750 919 quam
765 854 826 918 pro
842 832 1000 899 omnibus
1019 833 1105 918 alijs.
1124 835 1224 914 Nam,
1243 833 1308 902 nisi
1331 835 1448 904 venis·

224 932 276 989 set
292 922 333 1001 is,
350 921 558 1008 permultum
574 923 617 988 de
631 931 766 990 vestrae
786 919 967 990 Societatis
987 921 1236 992 existimatione
1255 923 1447 990 detractum

224 1011 354 1077 fuisset.
374 1011 506 1078 Omnes
520 1009 611 1076 enim
627 1031 720 1076 nunc
737 1019 831 1076 tanto
847 1009 957 1095 magis
973 1011 1131 1096 propensi
1147 1021 1228 1077 sunt
1244 1013 1286 1077 ad
1302 1012 1442 1079 audien·

223 1099 305 1166 dum
320 1099 384 1165 Dei
400 1100 555 1178 verbum,
574 1109 702 1184 quanto
718 1097 828 1185 magis
839 1100 1022 1166 abhorrent
1035 1121 1054 1165 a
1067 1099 1234 1166 faciendo.
1251 1100 1403 1168 Primum
1416 1101 1446 1168 is

224 1191 498 1274 Braunspergam
519 1197 709 1256 accesserat
733 1187 839 1273 pridie
859 1187 980 1254 natalis
1001 1187 1145 1270 Christi,
1163 1187 1222 1254 vbi
1237 1189 1447 1274 praedicauit

222 1276 324 1344 etiam
341 1276 376 1342 in
389 1275 444 1344 die
455 1276 564 1343 sancti
577 1275 753 1361 Stephani,
770 1275 902 1361 fuitque
915 1277 1041 1362 populo
1053 1277 1153 1343 valde
1165 1288 1296 1364 gratus,
1310 1278 1445 1346 etiamsi

222 1387 292 1432 non
307 1365 433 1446 omnia,
451 1385 539 1450 quae
553 1365 693 1444 diceret,
712 1364 793 1432 satis
809 1363 1092 1451 intelligerentur.
1117 1367 1187 1435 Sed
1206 1365 1369 1451 paulatim
1389 1389 1445 1434 as-

221 1465 357 1521 suescet
373 1453 420 1518 illi
437 1454 594 1539 populus,
613 1451 686 1539 ipse
700 1473 837 1538 quoque
853 1452 1006 1539 linguam
1022 1456 1111 1520 hanc
1126 1454 1246 1522 melius
1261 1455 1443 1540 perdiscet.

222 1543 310 1609 Cum
328 1542 467 1611 fuissem
483 1541 606 1609 certior
623 1543 732 1608 factus
748 1543 790 1608 de
811 1543 963 1609 aduentu
979 1540 1084 1624 illius,
1107 1563 1219 1627 neque
1241 1552 1354 1611 tamen
1370 1545 1446 1628 quis

220 1641 312 1699 esset
328 1631 410 1696 mihi
426 1631 604 1716 quisquam
620 1629 822 1716 scripsisset,
841 1631 1001 1696 admonui
1014 1632 1184 1715 quendam
1200 1653 1242 1697 ex
1258 1632 1442 1713 canoniciS,

221 1719 280 1804 qui
301 1740 393 1785 nunc
415 1722 673 1806 Braunspergae
693 1719 806 1806 degit,
827 1728 865 1785 vt
886 1741 964 1787 eum
986 1719 1033 1784 ibi
1053 1719 1215 1787 retineret
1235 1719 1441 1806 aliquandiu.

221 1809 405 1876 Caeterum
421 1828 489 1893 quo
504 1808 560 1876 die
575 1807 738 1895 scriptum
755 1807 789 1874 id
805 1828 891 1874 ame
908 1808 984 1887 fuit,
998 1807 1156 1872 nimirum
1172 1807 1247 1893 ipso
1262 1807 1318 1873 die
1334 1809 1444 1875 sancti

214 1897 370 1984 JoanniS,
388 1895 544 1964 discessit
558 1896 616 1963 ille
633 1899 872 1983 Braunsperga
888 1895 980 1964 etad
997 1917 1050 1962 me
1067 1897 1256 1981 fratresque
1272 1917 1365 1980 suos,
1385 1898 1443 1982 qui

220 2005 356 2052 mecum
373 1985 428 2051 hic
444 1995 558 2066 erant,
581 1985 691 2065 vehit,
713 1989 920 2069 hortatuque
940 2005 1016 2051 meo
1039 1984 1239 2053 concionem
1259 1985 1379 2052 habuit
1401 1988 1445 2053 ad

218 2074 384 2159 populum
410 2073 484 2159 ipso
505 2074 560 2141 die
580 2073 846 2140 circumcisionis
868 2073 1022 2152 Domini,
1045 2095 1146 2158 quam
1168 2085 1203 2140 et
1226 2094 1292 2159 ego
1313 2074 1441 2141 audiui:

220 2162 320 2230 valde
336 2161 418 2228 mihi
435 2164 609 2247 probatur,
625 2162 689 2229 ctsi
701 2184 765 2229 nec
776 2183 843 2250 ego
855 2162 937 2228 satis
950 2163 1061 2228 adhuc
1073 2162 1306 2248 intelligebam
1318 2163 1441 2230 omnia.

220 2251 309 2317 Nam
326 2250 390 2316 alia
405 2251 550 2337 quadam
571 2251 678 2317 vtitur
697 2251 852 2330 dialecto,
872 2273 940 2316 non
957 2261 1070 2316 tamen
1091 2250 1138 2317 ita
1154 2251 1299 2317 multum
1323 2253 1365 2317 ab
1381 2255 1444 2318 hac

218 2350 336 2405 nostra
351 2338 531 2406 differenti.
550 2339 657 2426 Coepi
674 2351 790 2425 postea
808 2339 1004 2406 familiarius
1019 2339 1077 2405 illo
1088 2339 1149 2420 vti,
1164 2349 1198 2407 et
1210 2339 1319 2424 reperi
1335 2339 1444 2405 virum

217 2447 295 2495 esse
311 2430 398 2495 bene
415 2429 565 2509 doctum,
584 2429 798 2513 prudentem,
816 2449 928 2512 neque
945 2429 1088 2514 uulgare
1104 2427 1223 2494 iuditio
1238 2427 1441 2513 praeditum.

218 2517 305 2585 Sum
332 2516 422 2584 illius
449 2517 696 2584 consuetudine
725 2519 825 2585 ualde
845 2517 1045 2584 delectatus.
1069 2517 1139 2585 Sed
1159 2516 1205 2596 is,
1229 2537 1308 2582 cum
1328 2516 1373 2582 sit
1393 2517 1445 2582 vir

217 2626 345 2691 magno
361 2606 508 2689 quodam
525 2607 610 2685 zelo,
627 2627 696 2671 non
712 2606 822 2691 potuit
837 2605 960 2672 adduci
976 2625 1109 2672 mecum
1123 2615 1159 2671 vt
1175 2616 1444 2673 commoraretur

218 2693 360 2774 diutius,
390 2693 472 2778 quin
500 2704 535 2763 et
562 2715 680 2762 omnes
707 2694 790 2760 alios
818 2695 938 2762 fratres
958 2715 1039 2760 suos
1058 2693 1138 2760 hinc
1158 2693 1300 2780 expulit,
1330 2706 1376 2774 et,
1400 2695 1443 2760 ad

218 2785 522 2869 Braunspergense
547 2782 789 2850 monasterium
815 2792 852 2849 vt
878 2781 1192 2868 proficiscerentur,
1222 2785 1443 2852 vehementer

215 2870 313 2938 vrsit.
337 2873 430 2957 Ego,
453 2893 531 2938 cum
551 2873 672 2938 scirem
692 2893 761 2938 non
782 2893 920 2958 prorsus
943 2871 1055 2936 adhuc
1078 2870 1125 2936 ibi
1147 2879 1276 2956 pestem
1299 2869 1443 2956 sopitam

218 2959 334 3041 fuisse,
353 2972 497 3026 conatus
513 2982 589 3027 sum
604 2983 664 3028 eos
680 2961 825 3028 retinere
841 2981 901 3046 per
917 2959 990 3028 dies
1011 2959 1163 3044 aliquod,
1187 2980 1266 3024 cum
1287 2979 1443 3044 praeser-

215 3047 276 3114 tim
292 3050 444 3115 nondum
460 3049 571 3116 omnia
587 3049 669 3115 satis
685 3049 849 3116 instructa
866 3057 980 3116 essent
1001 3047 1037 3113 in
1053 3047 1110 3113 illo
1132 3047 1350 3116 monasterio.
1370 3048 1441 3114 Ve-

215 3158 291 3203 rum
307 3137 363 3204 ille
379 3137 486 3204 teneri
502 3139 595 3204 nulla
611 3137 740 3204 ratione
756 3137 873 3222 potuit
893 3135 987 3203 Dixit
1002 3158 1039 3204 se
1055 3135 1181 3202 uidisse
1198 3135 1370 3204 cellarium
1385 3135 1440 3202 in·
1554 3137 1557 3146 '

214 3235 383 3290 structum
400 3226 555 3308 ceruisia,
574 3225 745 3312 lignorum
762 3247 898 3312 quoque
913 3223 982 3290 vim
1002 3226 1198 3306 adductam,
1215 3236 1351 3292 caetera
1375 3223 1440 3289 mi-

215 3335 298 3379 nore
315 3313 455 3400 negotio
472 3314 581 3400 parari
598 3336 710 3400 posse,
725 3335 789 3382 ncc
801 3335 877 3382 esse
892 3335 954 3380 cur
966 3313 1020 3380 hic
1034 3313 1116 3380 uelit
1128 3312 1282 3379 cunctari
1295 3312 1440 3396 diutiuS,

215 3411 279 3470 ne'c
297 3403 402 3468 ullum
418 3425 493 3470 esse
510 3403 696 3489 periculum
713 3426 732 3469 a
748 3413 854 3488 peste.
871 3404 958 3469 Cum
973 3400 1018 3469 ita
1035 3402 1185 3470 uiderem
1198 3401 1370 3471 hominem
1382 3424 1440 3467 vr-

215 3511 309 3576 gere,
327 3490 421 3557 nolui
437 3491 583 3560 retinere
598 3491 737 3558 diutius.
757 3494 886 3576 Itaque,
904 3491 997 3575 quod
1014 3490 1126 3570 foelix,
1146 3493 1295 3557 faustum
1317 3501 1352 3556 et
1370 3491 1439 3556 for-

215 3589 372 3646 tunatum
388 3582 483 3648 Deus
498 3601 574 3649 csse
590 3580 685 3661 uelit,
705 3601 740 3649 VI
757 3601 864 3648 nonas
886 3579 987 3645 huius
1005 3579 1131 3646 mensis
1146 3601 1212 3645 vna
1237 3600 1314 3644 eum
1338 3599 1439 3644 oeco-

215 3688 316 3734 nomo
344 3689 419 3735 meo
440 3669 582 3754 profecti
602 3683 683 3736 sunt
704 3672 990 3754 Braunspergam.
1015 3670 1175 3735 Vestrum
1197 3667 1261 3735 erit
1282 3666 1440 3753 precibus

215 3757 327 3823 Deum
345 3757 501 3842 fatigare,
519 3779 589 3843 quo
606 3779 702 3825 suam
719 3757 784 3823 illis
801 3757 946 3843 gratiam
959 3757 1141 3842 impartiat,
1155 3767 1194 3822 vt
1206 3756 1350 3821 multum
1366 3756 1439 3820 fru-

214 3856 308 3912 ctum
324 3847 445 3912 afferre
461 3857 598 3930 queant.
618 3848 694 3933 Ego
712 3867 847 3933 pueros
872 3867 959 3931 quos
979 3845 1035 3912 hic
1054 3866 1188 3911 mecum
1208 3843 1330 3924 habui,
1353 3865 1441 3910 non-

214 3933 296 3999 dum
313 3933 400 4016 misi,
419 3955 532 4019 neque
548 3936 676 4002 mittam
695 3934 847 4001 fortassis
867 3946 947 4001 ante
963 3933 1270 4019 quadragesimam
1289 3954 1390 4018 quam
1404 3943 1441 3997 vt

215 4023 344 4107 absque
360 4024 468 4090 turbis
489 4024 657 4109 aliquibus
678 4023 884 4110 transigere,
907 4023 1103 4106 laetumque
1123 4023 1249 4108 pascha
1268 4021 1440 4090 celebrare

213 4111 326 4192 detur,
350 4112 471 4178 vestris
492 4113 649 4198 precibus
675 4111 831 4179 adiuuari
851 4121 941 4197 peto.
966 4110 1130 4197 Magister
1151 4109 1287 4195 quidem
1317 4111 1441 4176 Petrus

214 4221 284 4266 non
300 4222 405 4286 paruo
420 4199 503 4267 mihi
519 4202 653 4270 videtur
668 4201 863 4269 adiumento
879 4201 1027 4267 futurus.
1047 4201 1151 4285 Quod
1167 4207 1335 4285 superest,
1357 4208 1438 4282 opto

214 4289 256 4356 R.
276 4291 315 4354 P.
335 4291 379 4356 V.
398 4289 456 4356 diu
472 4311 548 4359 esse
563 4291 692 4358 saluam
709 4301 743 4356 et
759 4291 975 4369 incolumem,
990 4309 1114 4374 meque
1126 4286 1335 4354 orationibus
1348 4285 1439 4353 illius

213 4379 425 4478 commendo.
445 4379 497 4445 Ex
512 4389 623 4446 castro
640 4400 715 4447 meo
732 4379 928 4466 Heilsperg,
947 4379 1002 4447 die
1023 4399 1046 4446 x
1063 4375 1228 4464 Januarij,
1255 4395 1345 4443 anno
1367 4377 1440 4441 Do-

213 4487 296 4531 mmr
313 4487 346 4534 m.
366 4489 401 4534 n.
421 4488 500 4536 va.

270 4665 276 4697 ¹
314 4661 420 4719 Petrus
433 4663 530 4720 Phae.
