3666 5384
388 451 423 522 58
816 446 850 504 P.
871 449 1011 506 erxrrs
1029 451 1195 506 Ernsxss.

385 605 659 691 interpretatum.
681 603 815 689 «Quam
832 600 939 690 igitur
955 601 1087 690 (inquit)
1105 602 1286 675 cardinalis
1298 601 1359 670 tibi
1370 604 1613 690 poenitentum

316 749 320 766 ¹
384 721 585 787 inusserunt
604 721 637 785 ἓ»
659 729 717 784 «vt
733 719 840 787 semel
857 719 947 786 ¹04
971 718 1103 804 (inquit)
1120 717 1298 792 recitarem
1314 721 1394 790 Aue
1406 719 1547 794 Maria.»
1562 721 1613 788 lbi

385 833 578 917 cardinalis,
591 833 643 900 vir
652 833 782 903 scilicet
792 831 829 923 [l]
838 831 1007 901 mansueti
1017 833 1180 921 imprimis
1189 834 1318 926 ingenij
1333 846 1368 901 et
1379 833 1500 922 quieti,
1516 834 1612 904 visus

384 961 439 1022 cst
448 951 633 1020 aduersum
650 949 811 1018 Pontium
826 949 1063 1018 vehementius
1078 950 1298 1020 commoneri:
1312 950 1457 1038 amplius
1468 947 1552 1016 nihil
1567 952 1612 1019 ab

384 1089 426 1134 eo
454 1067 571 1134 audire
597 1065 717 1133 voluit:
748 1065 849 1132 simul
876 1065 971 1132 illum
999 1086 1077 1131 cum
1104 1067 1285 1136 verborum
1313 1063 1517 1135 contumelia
1541 1088 1612 1134 ase

385 1183 514 1272 abegit.

451 1300 548 1368 Haec
564 1319 670 1384 quum
686 1291 828 1366 referret
848 1297 893 1363 ad
909 1295 1055 1362 Paulum
1070 1295 1262 1376 cardinalis,
1281 1297 1424 1364 miratus
1439 1297 1607 1384 pontifex,

383 1415 485 1500 signo
500 1412 612 1480 crucis
638 1434 676 1479 se
703 1411 860 1494 muniuit,
879 1409 976 1495 quasi
999 1409 1145 1477 hominis
1168 1410 1367 1479 caecitatem
1394 1413 1483 1480 serio
1510 1434 1612 1480 auer-

383 1540 481 1596 satus
499 1531 522 1594 ¹.
544 1529 550 1618 Ι

451 1643 525 1711 Visi
541 1665 660 1710 sumus
675 1667 695 1711 e
712 1640 848 1710 turbine
863 1641 1080 1709 bobadillano
1091 1652 1127 1710 et
1143 1641 1307 1728 pontiano
1323 1643 1515 1726 emersisse,
1529 1666 1609 1712 nam

385 1760 560 1828 remiserat
575 1759 642 1826 iam
662 1768 829 1827 arrestum
858 1760 869 1791 ¹
899 1768 1053 1824 nostrum
1074 1755 1241 1844 pontifex,
1259 1780 1300 1826 ac
1319 1759 1464 1828 liberum
1481 1761 1608 1829 fecerat

383 1897 428 1944 ex
446 1877 529 1944 urbe
544 1896 657 1962 posse,
674 1895 776 1960 quem
788 1874 966 1954 vellemus,
985 1873 1131 1956 mittere3
1146 1883 1268 1942 euntes
1280 1875 1381 1943 etiam
1399 1895 1460 1942 roo
1478 1892 1509 1948 Δ
1533 1875 1608 1942 via·

385 1993 452 2060 tico
468 1992 604 2058 iuuerat
618 1993 645 2057 ³.

449 2105 575 2178 Missus
590 2119 643 2176 est
658 2106 693 2172 in
706 2104 899 2174 Flandriam
911 2105 1097 2186 Adrianus
1112 2127 1232 2173 verum
1243 2105 1409 2192 priuatus,
1424 2109 1515 2174 facto
1527 2128 1608 2193 pro-

384 2223 520 2292 uinciali
537 2228 576 2290 Ρ.
597 2223 782 2290 Euerardo:
801 2223 973 2288 Veronam
989 2221 1116 2290 Violas:
1137 2221 1305 2289 Assisium
1323 2223 1478 2304 Pontius,
1496 2222 1608 2290 alieno

382 2351 420 2406 vt
439 2341 620 2408 videbatur
644 2337 773 2406 animo:
800 2337 960 2404 Canisius
980 2339 1024 2404 ad
1051 2336 1234 2424 collegium
1262 2337 1498 2408 wormatiense
1529 2360 1608 2406 cum

382 2457 565 2524 Gaudano:
588 2453 737 2522 Lanoius
758 2451 932 2522 Venetias:
956 2451 1103 2518 Vinkius
1125 2453 1313 2520 Perusiam:
1336 2455 1553 2522 Domenecus
1572 2454 1608 2521 in

381 2569 532 2657 Siciljam
548 2571 574 2636 ⁸.

449 2674 512 2754 Vsi
527 2707 646 2754 sumus
661 2687 803 2772 posthac
822 2685 926 2770 longe
946 2683 1232 2750 commodioribus
1253 2683 1425 2766 Patribus,
1447 2684 1506 2769 qui
1526 2707 1605 2753 cum

383 2803 561 2872 Bobadilla
580 2810 758 2871 senserant
781 2799 975 2884 aliquando.
1003 2801 1047 2866 Et
1067 2811 1181 2868 tamen
1200 2801 1331 2865 nullum
1354 2800 1605 2868 ludilozcium

379 2920 512 2988 dixerat
528 2916 664 3004 publice
680 2918 723 2982 de
739 2917 842 2983 rebus
858 2915 985 2982 nostris
1003 2916 1143 2982 Paulus:
1163 2915 1275 2982 adhuc
1306 2915 1498 2983 retinebant
1521 2938 1605 2984 con-

379 3035 590 3113 stitutiones,
608 3041 675 3099 etc.
704 3031 894 3102 cardinales
921 3051 1103 3098 reomanus
1119 3040 1153 3099 et
1177 3030 1358 3098 tranensis.
1390 3031 1565 3101 Petierant
1587 3056 1606 3098 a

382 3152 484 3216 Patre
501 3148 628 3216 vicario
647 3159 685 3214 vt
701 3147 848 3232 aliquem
864 3147 1051 3228 mitterent,
1069 3145 1129 3231 qui
1144 3145 1226 3232 ipsis
1242 3147 1371 3233 legeret
1388 3147 1606 3214 constitutio-

377 3287 452 3349 nes,
470 3263 549 3333 etsi
566 3264 648 3350 quid
664 3262 729 3351 ipsi
745 3275 908 3350 rogarent
923 3263 1156 3350 responderet.
1172 3265 1211 3330 P.
1232 3263 1388 3330 Natalem
1406 3261 1496 3330 misit
1512 3263 1608 3330 vica-

378 3381 461 3448 rius.
476 3379 591 3448 Huius
602 3379 795 3446 libertatem
807 3381 863 3448 vel
878 3379 980 3447 etiam
996 3378 1288 3464 importunitatem
1308 3399 1377 3444 non
1396 3379 1507 3448 ferens
1535 3389 1606 3446 tra-

377 3496 506 3577 nensis,
524 3494 634 3563 noluit
650 3494 795 3581 amplius
809 3496 937 3564 habere
953 3496 1125 3562 lectorem.
1148 3493 1154 3582 Ι

446 3613 590 3678 Eramus
611 3609 782 3695 tranquilli
803 3609 958 3696 quidem,
981 3631 1050 3676 non
1078 3610 1208 3693 absque
1234 3607 1450 3677 solicitudine
1476 3619 1604 3677 tamen.

378 3727 533 3794 Tandem
543 3725 702 3795 restituta
713 3735 794 3792 sunt
804 3724 903 3791 nobis
913 3724 1073 3811 diploma,
1084 3721 1358 3804 constitutiones,
1371 3723 1484 3790 omnia
1495 3722 1605 3810 scrip-

378 3856 425 3923 ta,
443 3864 532 3927 quae
549 3852 732 3910 vocauerat
754 3842 797 3908 ad
809 3862 951 3909 examen
977 3840 1117 3906 Paulus.
1143 3837 1236 3906 Nihil
1257 3837 1444 3905 damnauit:
1471 3849 1604 3905 tantum

376 3958 551 4045 agendum
568 3955 704 4024 fortasis
720 3957 792 4025 fore
808 3957 851 4024 de
867 3958 972 4021 choro
1000 3953 1113 4019 innuit
1139 3953 1319 4022 tranensis.
1339 3952 1406 4020 Hic
1436 3954 1499 4021 fuit
1526 3954 1606 4021 linis

377 4075 546 4141 tumultus
561 4075 707 4140 duorum
723 4070 858 4138 illorum
872 4073 1025 4138 Patrum.
1041 4067 1109 4138 Vbi
1122 4088 1246 4155 operae
1257 4067 1409 4154 precium
1422 4080 1476 4136 est
1486 4071 1607 4138 mode-

376 4179 636 4258 ffltlrationem
663 4187 845 4258 Societatis
869 4184 1042 4272 suspicere
1065 4195 1169 4270 atque
1191 4184 1418 4252 clementiam.
1455 4185 1548 4254 Nihil
1572 4185 1610 4253 in

433 4407 440 4438 ¹
478 4402 674 4470 chcnmtm
688 4403 746 4456 loc.
763 4400 828 4470 cit.,
843 4417 872 4454 n.
885 4399 934 4454 86.

429 4495 441 4526 ¹
477 4490 530 4546 Sc.
547 4489 699 4545 decretum
712 4507 749 4544 ne
762 4489 855 4544 Rome
868 4485 1068 4543 discederent.

429 4583 441 4615 ⁸
477 4579 673 4651 chcnmtJS,
685 4580 741 4634 loc.
756 4577 825 4648 cit.,
839 4596 868 4632 n.
883 4577 932 4632 86.

428 4673 440 4704 ⁴
478 4669 674 4739 chcxmoS,
687 4668 743 4723 loc.
758 4667 827 4734 cit.,
841 4685 870 4722 n.
885 4665 929 4734 87.
