3666 5384
810 493 879 554 Ι554

682 702 942 781 νΑιιιεοιΕτι,
962 701 1009 764 2.⁰

297 867 462 952 Visitaui,
480 867 615 936 tametsi
631 866 732 954 pauci
748 877 857 948 erant3
875 889 945 933 non
960 865 1076 933 audiui
1093 877 1206 935 tamen
1222 866 1357 954 Araozij
1375 888 1456 935 con·

218 983 416 1053 sessionem
437 984 640 1071 generalem.
670 979 804 1067 Reliqui
820 992 934 1050 tamen
952 980 1002 1047 illi
1023 981 1218 1050 familiarem
1234 991 1271 1049 et
1290 993 1455 1052 secretam
1514 964 1522 978 ⁸

218 1097 506 1186 instructionem,
523 1097 643 1184 inqua
662 1097 887 1166 admonebam
908 1096 1019 1183 ipsum
1043 1096 1241 1165 nominatim
1261 1119 1378 1166 earum
1400 1119 1458 1166 re-

219 1237 320 1296 rum,
338 1235 428 1300 quae
439 1214 478 1281 -in
493 1214 568 1301 ipso
579 1215 800 1282 notabantur.
815 1214 1000 1282 Habebant
1011 1213 1067 1280 hic
1078 1213 1115 1279 in
1126 1211 1285 1282 cubiculo
1296 1235 1455 1302 magnam

215 1329 365 1417 copiam
380 1328 648 1410 confectionum,
666 1338 733 1396 etc.
752 1327 831 1396 Dixi
847 1327 903 1395 hic
923 1339 958 1397 et
978 1327 1014 1393 in
1035 1327 1247 1415 Portugallia
1262 1351 1306 1397 ne
1321 1329 1455 1416 accipe-

217 1457 325 1514 retur
340 1445 522 1531 quicquam
538 1442 735 1512 huiusmodi
751 1444 809 1513 vel
822 1443 960 1511 omnino
981 1442 1048 1510 cibi
1063 1441 1280 1526 delicatioris,
1298 1444 1363 1512 nisi
1382 1456 1457 1513 erat

216 1561 315 1628 sslud
330 1583 392 1647 pro
408 1560 544 1628 infirmo
556 1559 670 1646 aliquo
686 1558 723 1625 in
738 1557 932 1645 praesentia
946 1557 1175 1627 necessarium
1195 1561 1216 1624 ¹.

301 1739 402 1806 28v
745 1738 956 1806 Perennis

303 1908 354 1974 Ibi
370 1907 507 1994 aliquod
521 1907 655 1975 initium
671 1906 797 1974 iecerat
813 1909 853 1973 P.
872 1908 900 1973 F
900 1904 1107 1975 erdinandus
1122 1908 1282 1976 Aluarez.
1301 1911 1370 1977 Res
1385 1920 1458 1977 erat

229 2022 421 2090 admodum
436 2022 570 2090 debilis:
589 2031 687 2091 erant
702 2021 785 2088 duo:
804 2020 951 2105 aliquem
972 2019 1122 2087 fructum
1140 2022 1339 2092 afferebant:
1362 2045 1458 2091 soror

230 2140 357 2225 Vegae
371 2137 406 2205 id
425 2139 581 2207 voluerat
600 2156 676 2204 esse
697 2135 911 2222 principium.
935 2133 1093 2217 Visitaui,
1117 2147 1183 2204 etc.
1202 2136 1282 2204 Dixi
1302 2160 1390 2223 quae
1405 2138 1459 2206 vi-

227 2253 405 2320 debantur
420 2253 445 2319 ¹.

302 2431 405 2497 fflv
764 2429 939 2508 rarorum

303 2601 355 2666 Ex
370 2598 492 2666 itinere
512 2597 591 2666 veni
610 2619 691 2663 cum
711 2599 751 2662 P.
776 2596 962 2664 Emanuele
978 2597 1021 2662 ad
1041 2597 1107 2662 hoc
1127 2597 1299 2685 oppidum,
1321 2610 1460 2687 propter
1506 2687 1507 2691 Ἰ

229 2715 419 2803 quemdam
437 2712 713 2800 ludimagistrum
734 2714 878 2780 Peream
900 2721 935 2780 et
961 2712 1207 2796 Sandoualum,
1231 2713 1337 2780 filium
1361 2714 1459 2783 ducis

229 2828 436 2910 melerensis,
451 2849 537 2915 quos
550 2813 782 2896 intellexeram
794 2836 948 2912 spectare
959 2826 1004 2892 ad
1016 2826 1234 2896 Societatem.
1249 2830 1302 2897 De
1313 2829 1460 2897 ludima-

231 2945 347 3033 gistro
362 2966 418 3012 res
429 2965 500 3010 non
516 2955 589 3012 erat
604 2952 749 3010 matura:
768 2943 812 3009 de
827 2942 1022 3009 Sandoualo
1034 2953 1119 3024 erat3
1133 2965 1224 3023 nam,
1238 2965 1344 3028 quum
1360 2955 1461 3014 antea

230 3081 306 3128 non
321 3059 489 3147 potuisset
508 3081 529 3126 a
549 3068 645 3144 patre
665 3057 845 3143 impetrare
866 3055 1049 3140 licentiam,
1069 3068 1151 3126 tunc
1167 3071 1342 3147 receperat
1365 3082 1461 3128 com-

231 3177 388 3242 modum.
407 3175 512 3243 Hunc
527 3173 654 3242 abduxi
671 3173 848 3241 Onnatum
865 3173 890 3238 ³.

304 3355 413 3423 wv
775 3351 931 3420 Onnnrn

305 3523 375 3591 Hic
386 3532 459 3592 erat
472 3525 513 3590 Ρ.
532 3520 690 3602 Michael,
705 3540 884 3600 nauarrUS,
902 3517 962 3603 qui
973 3518 1229 3590 existimabatur
1240 3525 1367 3594 habere
1379 3547 1460 3612 gra-

235 3639 320 3707 tiam
348 3637 545 3706 sanitatum.
580 3638 770 3706 Sanauerat
804 3633 935 3718 aliquot
972 3635 1114 3720 Tyburi:
1144 3651 1326 3706 Sanauerat
1353 3643 1461 3710 Roma

239 3758 282 3823 P.
302 3756 490 3822 Polancum
506 3775 548 3824 ex
563 3749 758 3822 vehementi
774 3750 869 3817 febre
885 3749 920 3814 in
935 3751 1000 3817 hac
1012 3750 1165 3839 regione,
1179 3764 1214 3822 et
1229 3754 1264 3821 in
1280 3755 1402 3826 itinere
1418 3760 1461 3824 ad

238 3869 385 3957 patriam
400 3869 537 3938 multos.
560 3869 666 3936 Erant
692 3863 1011 3947 incommodissime,
1034 3866 1145 3934 diuiso
1159 3870 1259 3938 horto
1274 3895 1335 3958 per
1355 3875 1461 3941 solam

239 4006 358 4072 sepem
374 4007 395 4052 a
409 3984 531 4052 vicinis
547 3986 572 4052 ⁸.
591 3985 775 4052 Habebant
789 3979 927 4066 quidem
943 3980 1060 4053 nescio
1072 3994 1156 4070 quot
1167 4005 1271 4054 onera
1282 4009 1460 4075 pomorum

236 4121 284 4169 ex
298 4099 494 4185 donatione,
508 4123 596 4188 quae
609 4111 680 4167 tum
693 4101 786 4185 quod
796 4113 912 4170 essent
923 4102 1124 4191 antiquitate
1137 4103 1343 4185 cantabrica,
1358 4106 1462 4198 aesti-

239 4299 440 4310 ---

299 4437 307 4468 ¹
344 4434 392 4489 Nil
406 4435 547 4508 scripturn
560 4433 591 4489 in
604 4433 654 4488 fol.
667 4432 740 4489 281.

297 4525 310 4558 ¹
345 4523 408 4579 Fol.
423 4538 458 4595 29
471 4542 486 4579 r
509 4539 635 4579 vacuum
647 4530 791 4578 remanet.

299 4613 312 4645 ³
347 4612 395 4668 Nil
409 4614 440 4669 iu
452 4613 503 4669 iol.
516 4611 552 4668 30
564 4631 587 4668 r.
602 4613 814 4685 scriptumest.

299 4704 312 4738 ⁴
348 4703 415 4774 lis,
429 4703 535 4759 vicini.
