3634 5396
749 497 914 556 Mraxnrx
1387 495 1442 552 663

216 651 275 718 noi
290 652 346 718 dia
369 649 480 738 gratia
494 650 530 732 di
545 655 673 738 posser’
687 651 837 736 ,seruirle
857 673 989 738 sempre
1010 672 1074 718 con
1095 650 1252 738 maggior
1275 650 1392 718 fauore
1416 653 1438 716 ¹.

216 743 266 808 Le
281 740 417 826 piacera
432 740 606 809 salutare]
628 744 668 807 P.
692 741 862 809 Generale
883 762 948 808 con
964 740 1044 808 tutti
1065 739 1087 806 li
1109 739 1197 821 altri,
1220 739 1285 807 alle
1307 739 1363 805 cui
1378 741 1440 805 de-

216 839 297 896 uote
321 827 466 896 orationi
482 828 527 894 mi
543 829 770 896 raccomando
797 851 941 916 sempre.
959 832 1013 900 De
1037 828 1188 916 Dilinga,
1206 828 1229 894 li
1254 828 1297 895 26
1316 828 1351 894 di
1366 829 1441 896 Ge·

214 939 299 984 naro
316 939 353 984 u.
373 939 407 985 n.
428 938 509 984 cxv.

282 1006 327 1073 Di
343 1008 387 1073 V.
408 1008 447 1072 P.
467 1008 509 1072 R.
528 1005 833 1075 affettionatissimo
847 1005 882 1072 in
899 1007 986 1093 Xp0.
1006 1006 1150 1086 fratell0,

752 1096 788 1161 Ic
812 1115 992 1164 canonum
1008 1098 1043 1162 n'
1067 1096 1258 1162 Anausin.

281 1185 311 1247 A
329 1187 436 1269 tergo,
453 1186 561 1258 manu
577 1184 621 1248 P.
649 1185 805 1250 Polanci.
840 1184 935 1266 1565.
953 1185 1020 1251 Del
1040 1184 1198 1250 cardenal
1219 1183 1263 1248 de
1285 1184 1434 1268 Agusta.

216 1272 270 1337 26.
290 1273 412 1336 Enero.
430 1272 660 1337 Desideratur
677 1273 864 1358 inscriptio,
880 1273 938 1337 sed
953 1273 1169 1358 obsignatam
1182 1273 1300 1360 fuisse
1316 1273 1439 1357 episto·

215 1362 284 1425 lam
301 1365 332 1424 el
343 1360 460 1446 sigillo
474 1362 643 1425 munitam
660 1361 750 1426 clare
765 1367 919 1445 apparet.

765 1583 890 1649 XLVII

551 1681 878 1779 srxnrsrxus
906 1721 1094 1790 Hosius

653 1837 807 1894 cardinalis
822 1837 994 1894 varmiensis

458 1975 607 2022 PATRI
643 1975 828 2036 JOANNI
865 1977 924 2023 DE
959 1975 1190 2023 POLANCO

535 2081 771 2174 Heilsbergae,
792 2107 830 2172 31
851 2088 963 2155 Martii
985 2088 1065 2171 1565
1085 2089 1109 2152 ².

213 2218 361 2274 Laetatur
372 2220 408 2274 cle
430 2221 502 2274 novi
514 2219 668 2292 pontificis
686 2221 837 2276 electione:
856 2221 892 2277 de
911 2221 1056 2275 Patribus
1072 2220 1189 2290 Sunyer
1207 2223 1234 2274 et
1254 2219 1433 2276 Hostovino.

280 2335 364 2401 Rde.
386 2337 488 2401 Pater
504 2333 538 2399 in
560 2335 699 2402 Christo
721 2335 919 2404 charissime
941 2344 975 2402 et
996 2335 1204 2402 honorande.
1229 2335 1381 2403 Salutem
1403 2348 1437 2404 et

212 2423 325 2489 omnia
341 2423 485 2490 foelicia.
505 2426 601 2509 Quas
618 2425 660 2489 ad
677 2446 731 2490 me
746 2423 844 2490 binas
866 2427 905 2490 P.
930 2426 973 2491 V.
999 2423 1092 2490 dedit
1117 2422 1244 2504 literaS,
1275 2425 1312 2490 18
1337 2436 1371 2490 et
1399 2443 1438 2507 14

212 2512 345 2580 calend.
365 2511 540 2578 Februarii
556 2513 666 2593 dataS,
684 2533 745 2580 eae
761 2512 842 2579 mihi
859 2513 1010 2581 redditae
1027 2522 1107 2578 sunt
1128 2513 1167 2578 16
1182 2512 1314 2580 calend.
1334 2513 1437 2597 Apri-

212 2601 264 2667 lis.
285 2600 393 2668 Valde
410 2599 491 2666 mihi
508 2612 644 2686 gratum
660 2611 694 2669 et
711 2601 899 2668 iucundum
917 2601 980 2668 fuit
1002 2625 1042 2669 ea
1063 2621 1263 2686 agnoscere,
1287 2622 1374 2685 quae
1394 2603 1437 2668 de

213 2689 297 2756 noui
312 2688 482 2776 pontificis
498 2689 662 2757 electione
682 2689 817 2775 scripsit
840 2690 1021 2776 copiosius.
1047 2687 1135 2774 Quis
1155 2700 1270 2755 autem
1291 2699 1355 2770 est,
1377 2690 1435 2775 qui

212 2778 368 2844 dubitare
384 2787 486 2862 queat
502 2781 566 2844 hoc
583 2801 602 2843 a
618 2777 765 2845 Domino
781 2780 908 2845 tactum
925 2781 1015 2844 esse?
1031 2779 1163 2844 Reuera
1181 2777 1256 2844 talis
1277 2779 1434 2858 decebat,

210 2877 249 2932 vt
264 2877 354 2934 esset
368 2869 435 2932 hoc
449 2878 566 2933 nostro
583 2869 719 2935 saeculo
736 2867 899 2951 pontifex,
918 2877 1068 2946 sanctus,
1082 2865 1259 2947 innocens,
1274 2866 1434 2951 impollu-

212 2965 280 3036 tuS,
305 2966 509 3041 segregatus
529 2977 549 3021 a
570 2955 817 3040 peccatoribus
840 2968 875 3024 et
897 2956 1077 3040 quiquam
1103 2954 1254 3039 proxime
1282 2957 1324 3020 ad
1354 2977 1433 3022 eurn

211 3044 401 3122 accederet,
424 3043 482 3128 qui
503 3045 613 3110 factus
634 3055 686 3112 est
706 3044 808 3112 coelis
828 3044 992 3111 excelsior
1013 3046 1037 3123 ³,
1061 3053 1109 3123 vt,
1139 3043 1237 3108 cuius
1261 3043 1371 3112 vicem
1397 3044 1432 3110 in

213 3131 311 3200 terris
327 3132 427 3218 gerit,
446 3133 520 3198 eius
534 3134 728 3234 exemplum
744 3133 779 3198 in
796 3134 866 3200 suis
877 3133 1028 3199 moribus
1041 3131 1138 3198 nobis
1149 3134 1292 3200 referret
1298 3153 1432 3216 ,neque

212 3220 366 3287 doctrina
381 3221 491 3307 magis
506 3242 607 3322 quam
623 3221 693 3287 vita
708 3222 806 3308 gregi
822 3243 885 3289 suo
900 3220 1058 3308 praeiret,
1075 3242 1115 3286 ac
1128 3231 1281 3287 errantes
1293 3220 1328 3286 in
1340 3221 1432 3287 viam

212 3309 402 3378 reduceret.
422 3313 496 3377 Deo
512 3309 642 3396 gratiae
658 3321 737 3376 sunt
754 3312 921 3397 agendae,
939 3309 1037 3376 cuius
1054 3312 1118 3375 hoc
1139 3320 1192 3376 est
1214 3309 1431 3392 beneficium3

210 3420 270 3482 qur
261 3397 385 3464 simul
401 3421 422 3464 a
437 3399 537 3464 nobis
553 3401 763 3484 praecandus
778 3410 842 3478 est,
860 3411 898 3465 vt
914 3409 1094 3466 conseruet
1110 3420 1188 3465 eum
1205 3419 1245 3464 ac
1265 3396 1432 3486 viuificet,

212 3489 255 3554 ad
271 3485 434 3554 ecclesiae
450 3508 532 3553 suae
548 3486 663 3553 multis
678 3487 789 3554 modis
805 3488 948 3555 afflictae
963 3485 1240 3554 consolationem.

277 3577 387 3642 DeP.
406 3575 588 3642 Francisco
604 3576 756 3645 Sunier⁴
773 3575 891 3663 scripsi
883 3575 1076 3661 prioribus
1092 3574 1198 3642 literis
1214 3573 1355 3640 meisP
1376 3575 1432 3654 V,

212 3663 303 3748 quod
319 3666 436 3730 saluus
452 3666 494 3730 ad
511 3685 575 3731 nos
590 3665 796 3750 peruenerit3
815 3667 936 3734 vellem
953 3673 1067 3733 autem
1083 3685 1150 3728 vna
1166 3665 1220 3732 vel
1233 3664 1339 3729 altera
1350 3663 1433 3730 heb-

210 3752 356 3818 domada
371 3752 472 3818 citius
487 3753 648 3854 venisset,
668 3754 811 3821 fortasse
826 3755 941 3820 schola
958 3764 1073 3819 nostra
1088 3751 1251 3852 dissipata
1266 3773 1335 3817 non
1348 3749 1432 3817 luis-

211 3850 273 3907 set.
293 3843 370 3908 Non
387 3841 506 3908 dubito
522 3841 605 3927 quin
622 3863 693 3908 rem
713 3864 847 3908 omnem
869 3842 940 3908 suis
964 3842 1035 3927 ipse
1057 3840 1164 3908 literis
1187 3838 1431 3926 perscripserit,

211 3930 271 3997 sed
287 3941 505 3996 reuertuntur
527 3941 640 3997 tamen
660 3929 775 4015 aliqui,
795 3952 871 4016 spes
892 3930 1082 3998 ostenditur
1102 3929 1215 4015 plures
1236 3938 1313 4014 post
1335 3948 1431 3994 men-

210 4039 281 4085 sem
298 4039 402 4084 vnum
419 4030 592 4092 venturos.
612 4017 691 4086 Fuit
707 4040 841 4086 mecum
862 4041 922 4105 per
943 4041 1044 4086 vnam
1064 4018 1120 4085 vel
1140 4018 1279 4084 alteram
1301 4017 1429 4084 hebdo-

209 4108 354 4172 madam.
373 4107 526 4193 Septimo
541 4110 672 4175 calend.
692 4107 819 4194 Aprilis
831 4110 1005 4194 profectus
1018 4117 1070 4174 est
1083 4105 1249 4186 Plociam,
1263 4105 1435 4172 rediturus

209 4205 286 4279 post
304 4196 389 4264 festa
404 4197 586 4282 paschatis
606 4198 709 4266 Pater
725 4219 807 4264 vero
824 4198 1004 4264 Balthazar
1018 4198 1029 4230 ⁵
1042 4196 1161 4263 eodem
1174 4194 1229 4262 die
1242 4195 1433 4262 Brunsber-
1466 4230 1468 4234 ·

263 4376 272 4409 ¹
310 4374 369 4441 Sic;
377 4373 519 4446 fervore?

259 4447 351 4500 Ex
364 4373 485 4516 arche
506 4461 578 4515 m
593 4444 667 4501 Corl
687 4443 732 4514 38,
746 4445 855 4518 duplici
868 4443 921 4502 fol
929 4443 1104 4516 ,').110(193

261 4517 272 4548 ³
309 4518 416 4572 Errsr.
434 4529 477 4570 nn
520 4488 751 4587 dan.,V1,126.

259 4589 271 4620 ⁴
308 4585 384 4642 Vide
397 4587 461 4658 ejus
474 4604 598 4642 examen
602 4559 642 4643 in
655 4586 799 4670 append„
813 4587 839 4640 1.

257 4659 269 4693 ὅ
305 4657 456 4714 Balthasar
469 4658 664 4715 Hostovinus.
683 4658 759 4713 Vide
772 4657 836 4729 ejus
850 4657 1004 4730 epistolam
1017 4659 1118 4712 subn.
1136 4653 1203 4727 348.
