3504 5386
612 419 615 424 .
633 474 651 529 4
669 459 856 517 premens
877 457 954 530 1563*
1348 459 1402 528 469

171 615 268 699 potra
284 613 378 677 l'vno
394 608 582 680 succedere
603 614 658 680 nel
675 613 800 679 luocho
820 612 876 680 del
896 614 939 678 D.
964 613 1163 678 Hermanno
1187 613 1211 692 ¹,
1233 621 1269 678 et
1288 611 1402 677 l'altro

170 728 227 794 del
242 728 304 795 Dr.
325 725 585 810 Massimiliano,
602 738 638 794 et
657 726 681 792 il
701 728 900 794 Hermanno
920 727 1096 795 attendere
1113 749 1133 794 a
1153 725 1325 813 predicar,
1345 726 1402 794 nel

172 843 252 926 qual
272 841 387 910 officio
408 844 453 908 ha
472 853 759 928 apresso'questo
780 843 907 929 populo
927 841 1080 930 singular
1096 843 1186 908 dono
1207 841 1242 908 di
1262 842 1348 922 Dio,
1367 851 1402 909 et

172 957 316 1024 l’hanno
337 956 373 1025 in
399 957 626 1044 grandissima
647 957 806 1025 autorita.
837 955 975 1025 Interim
1002 957 1128 1023 incirca
1152 956 1176 1022 il
1197 967 1309 1025 metzo
1333 958 1402 1023 dell

172 1095 267 1141 mese
283 1082 432 1159 passato,
450 1074 695 1159 partendosi'di
710 1072 769 1159 qui
785 1073 810 1139 il
825 1075 911 1140 Rdo.
928 1075 967 1140 Ρ.
987 1074 1174 1156 Euerardo,
1192 1072 1402 1160 prouinciale

170 1199 302 1269 nostro,
316 1187 344 1254 si
357 1209 531 1274 promesse
543 1189 578 1254 di
595 1190 735 1257 mandar
751 1211 818 1256 vno
835 1190 1004 1275 professor
1017 1210 1076 1275 per
1091 1189 1125 1255 la
1136 1187 1362 1275 philosophia,
1381 1211 1401 1254 o
1465 1249 1469 1260 .

169 1303 204 1369 di
227 1303 413 1390 Moguntia
434 1325 456 1370 0
476 1303 511 1369 di
533 1304 702 1386 Louani0,
728 1315 763 1374 et
788 1305 834 1371 lin
856 1304 978 1372 adesso
999 1326 1068 1372 non
1090 1306 1236 1371 hauemo
1255 1325 1347 1370 noua
1366 1303 1401 1369 di

170 1441 234 1486 sua
250 1416 315 1486 R.⁸

238 1551 271 1602 2.
321 1535 462 1620 Quanto
478 1536 510 1600 al
523 1535 656 1604 fratello
667 1535 846 1616 Siluestr0,
865 1555 924 1621 per
937 1533 1048 1621 gratia
1060 1535 1116 1604 del
1127 1534 1254 1620 Signor
1265 1555 1346 1621 pare
1358 1556 1401 1599 va
1488 1553 1492 1562 ’

170 1650 216 1714 all
233 1648 375 1736 meglio,
392 1647 432 1744 et'
443 1671 544 1736 spero
559 1651 623 1716 che
641 1651 691 1716 fra
711 1651 820 1735 poche
836 1650 1016 1716 settimane
1031 1649 1150 1716 saltem
1167 1654 1242 1716 sara
1263 1669 1346 1715 sano
1365 1659 1401 1743 et

170 1763 323 1851 guarito;
338 1775 384 1843 et,
400 1775 528 1850 quanto
541 1766 574 1831 al
584 1785 648 1830 suo
660 1775 768 1834 restat
784 1764 819 1831 in
835 1775 956 1849 questo
972 1764 1129 1850 collegio,
1144 1764 1288 1832 essendo
1301 1785 1398 1844 sano,

169 1901 253 1968 pare
270 1901 331 1966 per
346 1880 484 1946 alchuni
501 1880 639 1966 respetti
656 1884 721 1949 che
731 1880 911 1946 conuerria
923 1879 1048 1967 meglio
1059 1881 1202 1962 altroue;
1217 1891 1251 1948 et
1264 1878 1401 1946 alchuni

168 1995 213 2064 de
229 1993 254 2061 li
267 1992 368 2061 amici
379 1995 487 2062 nostri
504 1995 562 2080 qui
577 1994 763 2064 haueriano
779 1996 900 2062 voluto
916 1997 981 2063 che
992 2017 1061 2062 non
1075 1995 1168 2064 fusse
1180 1995 1330 2062 arriuato
1342 1993 1402 2079 qui

168 2132 230 2196 per
246 2131 363 2178 essere
378 2110 605 2197 cognosciuto
620 2111 654 2177 di
670 2111 727 2178 cui
743 2111 763 2178 ἑ
779 2110 886 2197 figlio,
904 2122 985 2192 etc.;
1004 2121 1038 2177 et
1054 2110 1124 2178 luoi
1145 2121 1295 2178 monstra
1310 2108 1402 2175 desi-

166 2225 266 2292 derio
282 2224 317 2290 di
334 2235 470 2292 tornare
485 2225 550 2292 alla
572 2225 684 2308 ltalia,
706 2247 728 2292 o
743 2227 776 2292 al
797 2247 918 2292 manco
934 2225 999 2292 alla
1014 2225 1199 2294 Germania
1215 2223 1402 2310 superiore.

167 2342 320 2408 Tenerlo
336 2341 394 2426 qui
409 2361 471 2427 per
487 2341 709 2427 coadgiutore
725 2343 909 2428 temporale
925 2341 953 2408 si
973 2363 1053 2426 pare
1065 2363 1134 2408 non
1146 2342 1308 2410 conueria
1320 2341 1402 2434 [sic],

165 2468 203 2522 et
213 2479 281 2543 per
292 2455 397 2522 studii
412 2455 440 2522 si
457 2477 519 2542 par
533 2457 602 2522 ben
617 2455 671 2523 cio
687 2459 750 2524 che
767 2458 810 2523 V.
831 2458 870 2522 R.
892 2459 932 2522 P.
950 2456 980 2521 si
996 2455 1092 2522 auisa
1106 2459 1171 2524 che
1185 2456 1308 2523 habbia
1320 2479 1404 2542 poca

166 2570 314 2638 habitin
330 2592 390 2657 per
405 2571 520 2656 quelli;
539 2593 599 2658 per
617 2582 711 2638 tanto
726 2593 834 2658 prego
847 2573 915 2646 ‚alla
932 2575 972 2639 R.
992 2573 1035 2639 V.
1054 2563 1118 2640 che
1134 2571 1162 2638 si
1179 2571 1266 2638 auisi
1278 2574 1333 2640 del
1349 2573 1403 2640 eid

167 2689 234 2754 che
251 2676 357 2754 vu'ole
372 2686 401 2752 si
423 2686 547 2768 faccia,
570 2687 626 2773 poi
648 2690 712 2754 che
732 2691 808 2754 sara
827 2709 929 2766 sanc,
952 2687 981 2753 si
1003 2688 1105 2754 vuole
1125 2689 1189 2754 che
1210 2686 1238 2752 si
1259 2687 1351 2754 serui
1368 2687 1403 2754 in

165 2811 295 2888 questa
316 2801 504 2887 prouincia:
527 2803 609 2889 ogni
631 2805 748 2884 mod0,
770 2804 853 2870 dard
870 2802 965 2870 auiso
980 2803 1047 2869 allo
1063 2815 1181 2869 nostro
1198 2805 1309 2870 Padre
1325 2825 1403 2889 pre-

165 2916 286 3004 posito
302 2915 523 3003 prouinciale.

237 3051 272 3116 3.
323 3034 372 3098 La
388 3031 567 3099 domenica
582 3043 729 3118 passata,
748 3036 813 3102 che
829 3035 866 3098 fu
888 3034 920 3100 la
941 3033 1049 3120 prima
1064 3034 1120 3102 del
1142 3035 1304 3114 aduent0,
1324 3057 1404 3120 ape-

163 3147 255 3213 rimo
268 3148 302 3214 le
318 3149 435 3214 schole
450 3170 509 3233 per
525 3147 687 3235 insegnar
703 3171 723 3215 a
739 3147 888 3216 scriuere
903 3162 938 3215 et
953 3149 1070 3236 legere
1082 3149 1105 3214 li
1119 3149 1237 3236 poueri
1248 3147 1401 3229 citadini,

163 3262 343 3329 arthesani
367 3261 439 3353 [sic]
459 3273 544 3348 etc.,
568 3275 601 3330 et
623 3285 684 3350 per
711 3263 822 3350 gratia
847 3265 903 3332 del
924 3264 1053 3351 Signor
1073 3269 1117 3332 ha
1137 3267 1267 3330 hauuto
1288 3264 1403 3331 buono

162 3374 351 3464 principio.
371 3377 408 3445 Si
425 3399 510 3444 sono
525 3378 643 3444 venuti
665 3379 759 3444 molti
779 3379 813 3443 di
835 3379 915 3466 ogni
936 3384 992 3448 eta
1011 3379 1045 3445 di
1067 3401 1212 3466 persone
1232 3389 1266 3444 et
1283 3379 1403 3446 condi-

163 3491 269 3560 tioni.
286 3493 451 3578 Speramo
467 3492 495 3558 si
512 3494 583 3560 farai
599 3493 721 3580 grand'
741 3494 846 3560 frutto
862 3494 898 3559 in
914 3493 1134 3561 consolidarsi
1150 3496 1238 3561 nella
1256 3495 1332 3562 fede
1345 3515 1403 3560 ca-

163 3608 299 3676 tholica
322 3619 357 3676 et
377 3609 499 3676 escitar
521 3609 577 3676 alli
597 3609 784 3695 operationi
807 3609 960 3677 virtuosi.
985 3613 1017 3677 A
1038 3622 1159 3696 questa
1180 3632 1283 3695 opera
1304 3610 1332 3676 si
1350 3620 1402 3675 at-

163 3723 275 3792 tende
291 3721 518 3793 le'domenice
534 3735 569 3793 et
586 3726 671 3792 feste
685 3727 729 3794 ad
744 3749 811 3792 vna
831 3729 915 3793 hora
935 3727 991 3814 poi
1011 3737 1122 3793 metzo
1143 3726 1265 3812 giorno
1282 3723 1331 3791 tin
1347 3725 1403 3790 alli

161 3839 274 3920 duoi,
306 3849 340 3907 et
366 3839 483 3907 alhora
510 3862 623 3907 vanno
650 3841 731 3908 tutti
754 3842 820 3908 alla
847 3841 984 3927 predica
1010 3842 1066 3910 del
1093 3840 1292 3908 cathicismo
1320 3837 1403 3930 [sich

162 3965 302 4040 quanto
318 3975 402 4041 cape
417 3957 450 4022 la
466 3956 592 4039 chiesa3
611 3957 644 4022 la
660 3958 760 4042 quale
776 3957 885 4038 finita,
904 3957 1006 4044 quelli
1023 3961 1087 4024 che
1099 3957 1274 4043 imparano
1287 3963 1307 4022 a
1319 3957 1404 4023 scri-

161 4092 251 4138 uere
268 4081 469 4137 monstrano
489 4072 521 4138 la
541 4071 700 4139 scrittura
720 4074 793 4140 loro
817 4085 852 4139 et
875 4073 904 4139 si
925 4073 1086 4155 emenda3
1113 4071 1169 4159 poi
1190 4095 1303 4139 vanno
1319 4071 1402 4158 ogni

160 4207 236 4252 vno
256 4207 277 4252 a
294 4205 372 4253 casa
389 4209 463 4268 sua,
482 4198 517 4255 et
533 4209 630 4258 come
650 4187 746 4275 piace
766 4189 822 4256 alli
843 4187 949 4256 buoni
969 4187 1143 4271 catholici,
1166 4189 1237 4255 cosi
1253 4187 1402 4274 dispiace

158 4325 180 4368 a
203 4301 316 4387 quelli
335 4305 399 4370 che
420 4305 536 4369 hanno
557 4305 646 4371 forse
668 4305 814 4372 alchuno
836 4306 922 4372 altro
943 4305 1099 4390 desegno
1120 4325 1141 4369 ο
1161 4302 1292 4390 spirito.
1312 4304 1399 4388 Spe-

162 4438 266 4484 ramo
282 4419 347 4486 che
363 4417 431 4484 Dio
446 4417 628 4486 indritzaral
644 4419 669 4484 il
683 4429 773 4486 tutto
789 4421 821 4487 al
837 4419 971 4506 meglio.
990 4418 1027 4488 Si
1047 4441 1090 4487 ne
1111 4418 1260 4488 seruimo
1279 4417 1336 4486 del
1351 4419 1402 4486 le-

225 4673 233 4702 ¹
275 4665 463 4723 Hermannus
472 4667 638 4740 'lllyraeusi
648 4668 723 4723 Vide
737 4666 1147 4740 Banunsarnnrn,10c.cit.,
1159 4667 1211 4734 llI,
1223 4679 1251 4738 2,
1260 4674 1361 4723 annot.
1372 4682 1397 4735 4.
