3634 5396
739 470 906 527 Arcanum
1379 470 1433 542 ⁶45

273 621 374 690 Circa
400 620 478 688 libri
505 621 678 709 prohibiti,
700 623 733 689 le
754 621 987 705 translatione,
1011 621 1034 689 li
1055 623 1182 692 missali
1201 635 1236 692 et
1256 621 1429 709 breuiarij,

201 715 283 780 sara
298 712 365 780 ben
382 711 411 778 si
425 711 505 778 lassi
521 713 666 796 qualche
681 712 750 778 bon
766 711 896 778 ordine.

272 799 372 867 Circa
387 799 410 866 il
427 799 667 886 allogiamento
682 821 747 867 con
765 799 788 866 il
803 802 902 867 Rmo.
925 799 1138 884 warmiense,
1161 801 1194 868 io
1214 799 1250 866 in
1270 800 1378 868 ven'ta
1398 801 1432 868 lo

201 899 318 958 acetto
333 909 401 955 con
419 891 497 954 tutt’
515 888 538 954 il
554 909 670 970 cuore,
693 899 729 956 et
748 909 810 976 per
829 890 975 973 qualche
995 888 1164 958 necessita
1183 911 1253 956 non
1272 889 1432 958 recusari>

202 977 272 1044 mia
287 988 405 1044 stanza
421 977 493 1044 sola
508 976 543 1043 in
559 978 708 1064 palazzo.

273 1067 386 1153 Prego
402 1067 446 1132 V.
465 1065 504 1135 S.
522 1064 556 1131 di
572 1088 664 1133 nouo
679 1064 818 1134 resaluti
834 1065 869 1132 di
886 1067 963 1132 tutt'
980 1065 1003 1131 il
1019 1087 1123 1134 cuore
1143 1065 1178 1132 in
1198 1066 1266 1133 mio
1287 1088 1388 1134 nome
1407 1065 1432 1132 il

203 1155 292 1221 Rdo.
312 1158 352 1222 P.
373 1157 517 1239 Laynes,
537 1158 577 1221 P.
597 1156 774 1224 Salmeron
789 1164 824 1221 et
839 1153 863 1219 li
878 1155 967 1237 altri;
986 1165 1020 1220 et
1037 1166 1165 1240 quanto
1180 1157 1211 1222 al
1229 1157 1340 1223 Padre
1359 1156 1430 1220 don

202 1243 345 1330 Luysio,
364 1244 399 1309 in
416 1243 523 1310 verita
543 1243 590 1308 mi
611 1255 712 1311 trouo
732 1253 827 1310 tanto
847 1243 915 1312 ben
935 1244 1117 1324 satissatto,
1143 1255 1178 1313 et
1202 1243 1281 1311 tutti
1304 1243 1328 1309 li
1351 1241 1430 1311 miei

202 1331 358 1400 todeschi
376 1343 410 1400 et
426 1331 567 1413 italiani,
586 1343 621 1400 et
637 1342 791 1400 tantone
807 1331 914 1399 siamo
934 1332 1062 1413 deuoti,
1085 1336 1149 1400 che
1169 1332 1205 1399 in
1226 1334 1329 1400 modo
1350 1353 1428 1398 nes-

199 1442 291 1487 suno
307 1420 473 1507 potriamo
489 1443 583 1490 esser
599 1443 659 1507 per
675 1431 795 1506 questo
813 1431 902 1487 tutto
918 1420 1058 1508 viaggio
1070 1421 1215 1508 priuato.
1231 1421 1334 1490 Siche
1346 1421 1429 1506 perd

201 1531 310 1595 prego
326 1519 361 1575 et
377 1508 531 1595 supplico
548 1513 600 1575 clr'
623 1509 647 1575 il
668 1513 707 1576 P.
732 1509 857 1577 Lainez
879 1532 949 1576 non
970 1510 1053 1597 pigli
1074 1512 1160 1576 altro
1182 1509 1313 1590 ordine,
1337 1531 1425 1576 mas-

199 1597 288 1664 sime
304 1597 426 1683 poiche
442 1599 475 1663 io
491 1620 545 1666 me
561 1621 605 1666 ne
620 1609 782 1665 contento
799 1608 906 1681 tantu,
925 1609 959 1666 et
976 1599 1021 1664 mi
1036 1600 1180 1667 sarebbe
1195 1619 1303 1685 graue
1320 1597 1354 1664 di
1366 1600 1428 1664 ha-

201 1690 276 1754 uer’
294 1687 328 1751 di
345 1707 437 1752 nouo
452 1687 495 1752 de
510 1697 622 1754 mutar
637 1688 837 1768 consessor',
856 1688 935 1773 qual
947 1688 1005 1774 gia
1016 1690 1035 1754 e
1047 1687 1238 1754 introdutto
1250 1709 1315 1754 con
1326 1684 1427 1773 piena

198 1774 410 1842 satisfattion
425 1777 468 1843 de
484 1786 574 1842 tutta
592 1777 625 1842 la
644 1797 735 1843 casa.
760 1775 856 1862 Ogni
876 1778 978 1842 modo
999 1787 1146 1843 staremo
1165 1796 1253 1862 poco
1273 1775 1308 1840 in
1329 1774 1424 1860 Spai-

199 1885 284 1950 gna,
302 1875 337 1930 et
353 1875 481 1948 quanto
497 1863 606 1950 primo
623 1885 689 1931 con
704 1865 737 1931 la
752 1865 862 1951 gratia
878 1866 921 1930 de
937 1864 1003 1931 Dio
1015 1887 1053 1932 se
1065 1875 1257 1933 torneremo
1269 1863 1423 1931 insieme:

199 1951 236 2017 in
253 1963 375 2037 questo
392 1973 485 2019 meso
499 1974 569 2018 non
585 1952 716 2038 saperei
730 1974 827 2022 come
843 1953 1016 2020 cambiar'.
1037 1955 1114 2021 Con
1135 1965 1269 2038 questo,
1287 1953 1321 2018 di
1340 1963 1429 2018 tutto

198 2040 225 2105 il
242 2061 347 2108 cuore
364 2063 469 2128 prego
485 2039 552 2107 Dio
569 2041 603 2107 vi
618 2041 674 2107 dia
695 2042 777 2128 ogni
794 2052 967 2108 contento.
985 2042 1111 2111 Scritto
1127 2066 1146 2110 a
1169 2044 1330 2123 Bolzano,
1353 2063 1373 2108 a
1393 2040 1428 2106 di

201 2147 245 2211 27
262 2131 306 2197 de
321 2130 411 2217 9‚bre
433 2131 527 2213 1563.
546 2133 599 2198 De
615 2132 658 2197 V.
678 2131 719 2196 R.
740 2133 779 2197 P.
799 2131 992 2198 amoreuole
1008 2133 1152 2213 fratello,

728 2220 765 2286 11.
789 2240 971 2287 canonum
995 2223 1029 2288 n’
1056 2221 1246 2288 Auousrl.

271 2306 453 2390 Inscriptio
476 2308 514 2371 in
538 2313 663 2391 quarto
682 2309 819 2409 pagina
839 2310 911 2373 alia
931 2331 1050 2374 manu:
1070 2309 1116 2376 Al
1145 2310 1230 2376 Rdo.
1261 2307 1295 2374 in
1320 2309 1424 2394 xpo,

197 2415 299 2460 come
316 2395 448 2462 fratello
463 2405 580 2462 nostro
597 2397 814 2477 amatissimo,
834 2397 858 2463 il
885 2399 925 2463 P.
956 2396 1128 2464 Giovanni
1151 2398 1314 2477 Polanc0,
1338 2395 1428 2463 della

198 2483 416 2569 Compagnia
432 2485 488 2551 del
499 2486 594 2572 Jesd.
615 2487 756 2552 Trento.

748 2725 879 2791 XXVII

572 2875 611 2934 B.
636 2873 813 2930 PETRUS
836 2873 1056 2931 CANISIUS

610 3029 717 3076 rnrm
733 3029 871 3090 Jacouo
887 3030 1019 3077 Lnrnsz

500 3143 694 3228 Augustae,
720 3161 741 3223 4
764 3142 964 3209 Decembris
992 3142 1074 3226 1563
1102 3143 1124 3208 ¹.

197 3272 399 3330 catechistam
416 3275 464 3328 cal
481 3275 719 3330 concionatorem
737 3293 751 3330 e
766 3275 911 3330 Societate
929 3275 1078 3349 Dilingac
1100 3276 1279 3330 constituere
1301 3275 1427 3329 minime

325 3345 476 3416 expedire:
490 3346 526 3400 dc
539 3347 689 3418 magistro
706 3347 884 3401 Theobaldo:
897 3349 932 3401 de
946 3347 1071 3420 collegio
1083 3347 1294 3419 herbipolensi.

267 3463 339 3526 Pax
356 3459 449 3526 Chri.
470 3478 509 3527 21
527 3461 733 3529 Nouembris
749 3462 846 3528 datas
867 3461 994 3547 accepi,
1013 3472 1048 3530 et
1063 3461 1240 3530 adiunctas
1256 3461 1333 3528 misi
1349 3464 1425 3528 Mo-

198 3547 360 3616 nachium
381 3550 424 3614 ad
446 3551 485 3615 P.
510 3550 678 3629 Natalem,
701 3571 801 3635 quem
824 3573 916 3617 nunc
944 3551 1130 3636 Oeniponti
1157 3573 1232 3617 esse
1252 3560 1424 3636 putamuS,

195 3639 387 3722 eodemque
404 3637 556 3704 misimus
573 3638 793 3705 Ambrosium
810 3651 979 3722 nostrum,
998 3640 1117 3708 eodem
1131 3643 1234 3706 Patre
1246 3641 1424 3715 suadente,

197 3737 238 3792 ut
252 3726 285 3791 in
305 3726 486 3793 uocatione
502 3749 564 3793 sua
581 3727 707 3794 rectius
723 3730 888 3796 habeat...

264 3815 392 3900 Scripsi
409 3817 452 3881 ad
464 3815 610 3883 eundem
625 3818 664 3882 P.
680 3818 849 3897 Natalem,
865 3819 932 3882 hoc
946 3813 1082 3901 quidem
1095 3826 1249 3900 tempore
1262 3836 1330 3881 non
1341 3837 1426 3882 con·

197 3904 316 3971 uenire
333 3904 453 3983 uideri,
474 3915 524 3988 ut,
543 3906 828 3988 quemadmodum
845 3904 1025 3972 cardinalis
1046 3905 1208 3989 postulat,
1228 3907 1284 3972 uel
1300 3905 1423 3990 Augu-

194 4002 270 4059 stae
286 3991 423 4076 quidam
441 4016 460 4060 e
476 3993 603 4060 nostris
618 3995 862 4062 catechismum
880 3991 1074 4080 germanice
1090 3994 1224 4073 doceat,
1245 3993 1299 4060 uel
1315 3992 1425 4061 Dilin-

197 4101 263 4166 gae
278 4081 552 4148 concionatorem
569 4093 650 4169 agat
667 4083 885 4149 ordinarium.
909 4085 962 4149 De
983 4094 1129 4167 utroque
1145 4092 1224 4168 aget
1239 4081 1296 4150 ille
1311 4103 1425 4148 coram

198 4171 307 4236 fusius
323 4169 412 4236 sicut
427 4181 461 4238 et
473 4172 517 4236 de
533 4171 755 4258 typographia
777 4170 1001 4257 dilingensi...
1021 4172 1108 4237 Nam
1131 4171 1231 4238 ualde
1247 4171 1424 4256 perturba·

198 4271 254 4324 tus
270 4271 322 4326 est
334 4259 437 4326 huius
456 4259 621 4328 ecclesiae
642 4271 764 4339 status,
783 4262 827 4326 ob
846 4260 958 4326 uarios
980 4258 1182 4326 clericorum
1199 4281 1373 4339 excessus,
1391 4271 1426 4326 et

197 4348 323 4415 desunt
339 4347 461 4417 medici
478 4348 531 4414 his
543 4348 754 4435 grauissimis
771 4362 805 4417 et
822 4348 1021 4417 inueteratis
1037 4347 1175 4429 morbiS,
1197 4359 1233 4414 ut
1250 4349 1349 4434 plena
1365 4369 1424 4414 ex-

193 4435 542 4503 communicationum
570 4447 605 4503 et
628 4437 917 4524 irregularitatum
939 4437 1053 4504 omnia
1080 4437 1272 4505 uideantur.
1288 4439 1366 4522 Qua
1382 4439 1427 4504 de

252 4635 259 4667 ¹
296 4631 341 4686 Ex
353 4633 526 4705 archetypo,
539 4633 570 4687 in
584 4633 682 4705 Epist.
699 4631 828 4703 Cunisii,
841 4633 865 4700 1,
878 4631 987 4704 duplici
1001 4630 1053 4688 fol.
1074 4643 1124 4701 124
1137 4629 1213 4701 (363,
1228 4629 1306 4699 364).
