3504 5386
635 503 652 556 4
671 487 855 542 Ducuuarus
878 486 946 556 1563
979 511 981 518 ·
1347 485 1400 556 473

174 637 268 707 aocio
284 660 356 705 non
371 640 459 704 vada
475 636 534 724 piu
550 637 679 720 auanti;
698 648 733 706 et
748 659 817 704 non
832 638 883 705 sia
897 639 1075 707 occasione
1090 639 1124 704 di
1140 639 1287 704 alclruno
1298 659 1399 705 scan-

175 757 252 822 dalo
272 754 361 820 della
384 765 479 839 parte
499 765 616 820 nostra
635 756 700 821 che
719 752 938 820 riceuessimo
958 753 982 820 li
1002 754 1146 822 scholari
1168 753 1275 820 nostri
1297 776 1400 824 senza

174 871 318 937 volunta
333 867 413 937 delli
429 868 562 954 parenti
578 870 662 939 loro.
681 879 716 936 et
727 868 797 934 cosi
809 872 957 936 anchora
969 868 1175 938 detrimento
1186 889 1330 936 venesse
1342 868 1398 935 alli

175 983 333 1065 scholari,
351 985 375 1049 li
391 984 482 1068 quali
499 984 522 1049 li
538 982 669 1070 parenti
684 1004 753 1049 non
770 983 989 1051 mandariano
1005 984 1068 1051 alla
1082 985 1197 1050 schola
1210 993 1326 1050 nostra
1337 1005 1399 1070 per

175 1101 242 1169 tale
268 1103 398 1182 effett03
421 1111 456 1168 et
476 1102 625 1165 anchora
652 1097 898 1164 considerando
918 1101 983 1166 che
1002 1099 1026 1164 il
1046 1100 1141 1165 detto
1163 1097 1319 1184 Philippo
1342 1100 1398 1164 dal

175 1229 288 1302 tempo
304 1218 368 1281 che
385 1215 483 1283 entro
498 1226 533 1282 et
554 1212 669 1280 auanti
689 1235 824 1298 sempre
844 1217 888 1278 ha
909 1216 1040 1280 hauuto
1060 1215 1149 1281 male
1169 1216 1305 1301 gambe‚
1329 1236 1397 1281 non

172 1333 330 1398 obstante
346 1329 441 1396 molti
458 1329 610 1410 remedii,
629 1327 652 1393 li
668 1327 759 1411 quali
775 1327 798 1393 li
814 1329 959 1394 hauemo
976 1329 1051 1395 fatti
1067 1349 1109 1394 ex
1130 1329 1270 1395 consilio
1295 1332 1303 1364 ¹
1327 1351 1398 1395 me-

171 1448 241 1512 dici
261 1452 292 1511 et
314 1445 496 1533 chyrurgi;
516 1455 550 1512 et
573 1443 822 1511 considerando
842 1445 874 1509 la
895 1443 1042 1511 stabilita
1062 1465 1136 1526 sua,
1159 1466 1314 1530 speramo
1334 1447 1400 1511 che

170 1583 274 1630 senza
289 1559 492 1630 detrimento
508 1581 570 1626 suo
592 1562 687 1646 potra
703 1560 809 1625 andar
823 1569 858 1624 et
874 1557 1054 1644 impetrare
1069 1561 1103 1625 1ο
1124 1581 1290 1629 consenso
1310 1561 1399 1630 della

171 1677 301 1759 madre,
323 1689 357 1743 et
377 1675 523 1762 guarirsi
543 1676 574 1741 le
596 1675 731 1760 gambe,
755 1684 789 1742 et
808 1673 864 1759 poi
889 1684 1044 1741 tomara
1066 1677 1228 1753 Treuere,
1258 1697 1279 1740 o
1306 1677 1399 1744 doue

170 1791 330 1858 ordinari
346 1793 390 1858 V.
410 1793 449 1856 R.
471 1794 511 1857 P.
530 1801 600 1856 star
616 1790 704 1856 neila
719 1787 944 1876 Compagnia.
964 1789 1000 1854 lo
1017 1790 1137 1856 adesso
1154 1789 1176 1854 li
1188 1790 1271 1856 daro
1284 1794 1395 1876 quest'

170 1907 290 1973 ordine
306 1909 370 1974 che
388 1905 492 1972 faccia
510 1915 600 1972 tutto
615 1905 729 1989 quello
745 1905 808 1970 che
829 1907 926 1988 potra
945 1904 978 1970 in
1001 1914 1121 1988 queste
1144 1905 1225 1970 duoi
1246 1925 1338 1972 cose:
1361 1905 1395 1972 in

170 2021 301 2090 sanarsi
317 2023 350 2090 le
366 2023 490 2108 gambe
505 2032 541 2089 et
556 2041 670 2105 corp0,
690 2030 724 2087 et
740 2017 775 2084 in
790 2021 897 2086 hauer
918 2020 951 2084 lo
967 2039 1136 2085 consenso
1156 2020 1245 2088 della
1264 2022 1392 2090 madre.

170 2138 343 2205 Hauendo
357 2148 478 2220 queste
494 2121 658 2202 obtenute
674 2146 708 2203 et
724 2133 758 2200 di
774 2135 887 2218 quello
903 2135 983 2200 dato
999 2133 1107 2216 auiso,
1126 2138 1222 2220 potra
1239 2145 1354 2202 tornar
1373 2159 1394 2202 a

169 2255 333 2331 Treuero,
352 2275 389 2320 se
404 2253 417 2340 J
435 2252 521 2317 altro
537 2250 632 2316 auiso
649 2271 717 2316 non
734 2247 761 2315 si
778 2248 800 2313 ii
817 2249 899 2347 dara
914 2248 1004 2314 intra
1020 2261 1141 2333 questo
1157 2259 1283 2335 tempo;
1307 2260 1341 2317 et
1357 2250 1393 2316 in

169 2389 251 2435 caso
267 2370 331 2435 che
351 2367 379 2433 si
400 2366 474 2434 sani
495 2354 582 2433 dolie
604 2354 727 2452 gambe
747 2375 869 2432 ernon
891 2375 1025 2450 potesse
1048 2366 1155 2432 hauer
1175 2366 1208 2431 lo
1228 2386 1395 2432 consenso

168 2485 259 2552 della
286 2486 416 2562 madre,
440 2486 504 2549 che
524 2481 631 2548 faccia
651 2501 789 2548 recorso
810 2480 874 2546 alla
891 2483 932 2547 R.
957 2482 997 2545 P.
1026 2481 1083 2562 V.‚
1103 2501 1139 2548 se
1159 2481 1187 2545 si
1206 2483 1341 2547 trouara
1361 2480 1396 2546 in

168 2599 368 2678 Germania,
386 2620 407 2664 o
423 2599 455 2664 al
472 2600 512 2664 R.
539 2599 578 2664 P.
601 2595 753 2675 Canisio,
776 2594 984 2680 prouinciaie
1006 2596 1092 2660 della
1113 2595 1286 2680 superiore
1306 2595 1397 2663 Ger-

168 2714 294 2794 mania,
324 2713 424 2783 etiam
453 2714 610 2779 andando
637 2721 671 2776 et
703 2709 959 2796 presentandosi
988 2711 1259 2796 personalmente
1287 2711 1298 2744 ³
1331 2711 1397 2777 alle

168 2833 243 2898 RR.
263 2831 355 2910 VV.,
375 2829 430 2896 alli
450 2829 541 2914 quali
563 2849 671 2914 prego
691 2828 724 2893 1ο
744 2826 884 2911 voglino
908 2824 1060 2894 riceuere
1081 2836 1115 2890 et
1136 2824 1318 2894 indritzare
1339 2827 1395 2895 nel

168 2947 272 3012 modo
293 2950 357 3014 che
378 2946 504 3032 meglio
525 2946 581 3010 nel
601 2943 727 3029 Signor
746 2945 924 3018 conuerra3
950 2944 1074 3028 perche
1096 2943 1115 3007 ὲ
1138 2941 1265 3026 jouane
1290 2944 1395 3008 molto

167 3065 287 3128 buono
315 3072 350 3128 et
376 3061 410 3126 di
431 3061 552 3146 grand'
575 3057 809 3146 espettatione.
835 3056 872 3121 In
892 3078 972 3123 caso
991 3060 1054 3123 che
1074 3077 1144 3122 non
1165 3077 1343 3123 sanassero
1362 3058 1394 3123 le

166 3178 306 3264 gambe,
325 3176 348 3241 li
364 3180 409 3242 ho
426 3178 520 3243 detto
541 3178 604 3242 che
621 3195 689 3240 non
705 3173 733 3239 si
754 3171 840 3257 parti
857 3194 917 3257 per
933 3193 1060 3238 nessun
1085 3173 1159 3237 loco
1180 3172 1268 3237 della
1289 3173 1394 3240 Com·

165 3292 293 3380 pagnia
309 3315 411 3360 senza
426 3294 532 3358 hauer
553 3289 734 3376 particular
750 3285 846 3353 auiso
861 3287 897 3351 di
913 3289 955 3352 V.
976 3289 1017 3352 R.
1042 3289 1080 3352 P.
1106 3309 1126 3352 o
1147 3287 1183 3352 d'
1205 3287 1302 3366 altro,
1329 3287 1396 3352 allo

165 3410 267 3494 quale
284 3407 451 3475 conuiene
468 3405 605 3472 darsilo.
625 3407 673 3471 Le
689 3404 809 3471 lettere
825 3423 845 3467 o
861 3401 957 3468 auiso
972 3425 1033 3487 per
1048 3400 1118 3467 luoi
1131 3403 1228 3486 porra
1241 3403 1283 3468 V.
1297 3403 1336 3468 R.
1355 3403 1391 3470 P.

166 3526 323 3605 mandar,
341 3545 362 3588 o
378 3545 397 3589 a
413 3524 482 3600 noi,
501 3545 522 3588 o
538 3523 570 3588 al
585 3519 730 3605 collegio
750 3517 784 3583 di
807 3516 997 3603 moguntia
1023 3519 1086 3584 che
1109 3516 1302 3584 facilmente
1323 3517 1352 3582 si
1372 3516 1397 3582 li

167 3651 337 3727 potranno
348 3639 509 3705 mandare
521 3638 576 3702 dal
592 3657 661 3701 vno
674 3646 708 3700 et
721 3635 805 3700 altro
817 3635 928 3699 luoco·.
945 3631 1013 3698 Alli
1030 3631 1175 3697 orationi
1188 3631 1222 3697 di
1239 3633 1283 3698 V.
1299 3633 1339 3698 R.
1355 3635 1392 3698 P.

167 3757 296 3844 'iterum
314 3761 413 3840 atque
428 3756 552 3819 iterum
569 3751 615 3816 mi
630 3750 900 3816 raceommando.
920 3745 964 3812 Di
981 3749 1143 3824 Treuere,
1161 3747 1226 3812 adi
1239 3766 1260 3828 4
1272 3746 1306 3811 di
1323 3749 1395 3814 De-

167 3847 307 3937 oembre
328 3871 422 3954 1563.
442 3868 485 3935 Di
502 3870 546 3935 V.
566 3869 606 3934 R.
627 3869 666 3932 P.
686 3864 837 3949 indegno
854 3883 955 3928 seruo
970 3873 1004 3928 et
1020 3861 1115 3947 figlio
1131 3860 1164 3926 in
1182 3861 1331 3942 Christ0,

887 3978 1058 4056 Auroruo
1082 3979 1212 4043 Vrucrr.

236 4107 281 4172 V.
302 4105 342 4169 R.
364 4105 403 4168 P.
422 4102 465 4167 de
481 4099 590 4186 gratia
606 4097 662 4162 dia
678 4118 760 4162 cura
777 4093 811 4160 di
831 4105 953 4178 questo
974 4092 1123 4178 giouane
1144 4092 1175 4158 al
1196 4094 1237 4157 R.
1261 4095 1301 4158 P.
1326 4094 1395 4158 Ca-

99 4289 103 4300 ,
166 4219 256 4288 nisio
274 4217 380 4287 etalii
398 4215 619 4282 rettoridoue
637 4212 744 4298 potria
762 4210 890 4288 uenire,
914 4211 977 4276 che
998 4209 1020 4273 l’
1043 4207 1233 4273 indritzano
1253 4220 1287 4275 et
1308 4207 1394 4275 rice-

224 4439 231 4470 ¹
272 4431 567 4504 Autogr.‚concilio.

222 4529 232 4560 ¹
272 4523 464 4593 Autogr.,si‚
479 4521 525 4575 hic
539 4527 569 4574 et
583 4518 667 4574 infra.

222 4617 233 4646 ³
271 4614 302 4668 ln
319 4612 449 4683 margine
462 4613 534 4664 haec
547 4607 664 4680 scripsit
677 4607 831 4660 Polancus:
847 4602 914 4656 Non
927 4601 990 4673 qui,
1001 4619 1052 4655 ma
1062 4602 1094 4655 al
1107 4601 1240 4670 Canisim
1254 4601 1281 4654 si
1290 4598 1395 4671 cisus-

167 4707 207 4771 si,
218 4707 337 4778 primm·
349 4707 376 4757 et
389 4703 422 4756 di
435 4719 494 4772 qua
507 4717 536 4754 se
550 4699 574 4752 li
584 4694 823 4752 raceommandi.
