3526 5380
349 419 402 463 210
755 400 860 455 Earss.
879 398 913 453 P.
933 395 1135 464 Naum-252

366 559 418 626 En
438 557 579 623 Trento.
594 553 674 620 Alia
695 573 803 618 mauu
820 549 916 616 ibid:
937 549 1031 632 1563.
1057 548 1258 617 Salamanca
1274 547 1315 612 P.
1337 545 1496 624 Alcaraz,
1523 559 1573 627 25

352 673 387 740 di
410 673 563 740 Genaro.
587 669 697 735 Manu
717 668 762 733 P.
781 666 928 732 Polauei
952 663 1052 730 itud..·
1068 665 1148 749 Qua
1165 662 1218 729 sin
1235 661 1361 748 replica
1383 683 1421 730 se
1442 680 1531 745 vaya
1549 665 1578 724 a

352 786 534 874 Portugal‚
553 806 576 869 y
591 805 637 850 no
652 783 685 848 le
700 802 856 868 occupen
872 801 917 848 en
932 781 1014 847 leer.
1032 779 1152 866 Sigiili
1166 779 1363 865 vestigium.

918 1054 1011 1116 252

601 1193 653 1258 P.
695 1189 1107 1257 HIERONYMUS
1145 1188 1354 1302 NADuL

736 1349 856 1404 PATRI
875 1345 1030 1419 JACOBO
1048 1347 1195 1404 LAINEZ

621 1485 813 1540 osmonte,
838 1485 870 1542 14
888 1485 930 1527 ss
951 1473 983 1528 16
1002 1485 1173 1529 aasabim
1195 1469 1264 1541 1563
1284 1475 1306 1526 ¹.

355 1621 401 1678 De
413 1639 467 1676 suo
479 1622 600 1676 itinere:
620 1620 655 1674 de
673 1617 803 1690 negotiis
819 1616 857 1670 ab
872 1617 937 1687 ipso
954 1619 983 1670 et
1002 1613 1125 1670 Canisio
1140 1614 1182 1669 ibi
1196 1615 1352 1687 gerendis:
1364 1579 1541 1687 frequentes
1558 1632 1583 1667 a

404 1710 546 1786 generali
557 1709 699 1782 epistolas
716 1707 914 1778 Oenipontem
927 1705 983 1760 sibi
995 1704 1068 1760 dari
1081 1705 1227 1777 postulat,
1246 1708 1280 1758 ut
1295 1705 1405 1759 melius
1415 1705 1516 1758 ardua
1528 1720 1585 1759 aa·

405 1801 492 1873 gotia
502 1815 610 1873 gerere
622 1797 736 1853 ualeat.

422 1943 677 2010 Desiderauiur
700 1939 763 2004 lue
778 1938 877 2003 binae
893 1939 1039 2016 litterae;
1053 1959 1096 2004 ex
1110 1937 1248 2022 epistola
1263 1957 1344 2002 vero
1359 1935 1503 2001 Polauoi
1515 1935 1583 2000 sub

357 2073 393 2116 u.
413 2065 479 2134 254
489 2049 602 2134 posita
618 2050 746 2112 constat
772 2044 949 2126 diebus14
971 2049 1002 2108 et
1027 2046 1069 2110 16
1095 2043 1279 2109 Februarii
1307 2044 1393 2126 1565
1421 2041 1580 2106 Natalem

357 2166 483 2233 Laiuio
497 2163 685 2247 scripsisse,
702 2181 787 2246 quae
814 2161 853 2226 iu
875 2159 1042 2248 praefata
1061 2159 1198 2244 epistola
1214 2157 1304 2224 bisce
1332 2157 1445 2222 verbis
1469 2177 1581 2221 enun-

359 2282 503 2345 tiantur:
521 2277 699 2343 «Resciuib
717 2277 762 2342 N.
783 2277 828 2340 P.
847 2276 987 2360 despuis
1002 2295 1066 2361 que
1085 2275 1167 2360 aqui
1183 2278 1356 2338 uernamos
1375 2271 1416 2336 de
1435 2271 1582 2338 Mantua

360 2396 419 2460 dos
444 2395 549 2459 latras
564 2393 605 2458 de
633 2392 671 2456 V.
697 2391 741 2456 R.
760 2389 801 2454 de
825 2406 910 2475 1431
934 2392 976 2455 16
991 2390 1045 2454 del
1061 2393 1259 2474 presente...
1285 2387 1518 2474 Holgcimouos
1541 2386 1583 2452 de

359 2509 520 2575 eriteuder
531 2507 684 2573 leubiesse
696 2505 830 2592 liegado
844 2505 949 2570 buono
968 2507 1005 2570 V.
1021 2505 1065 2570 R.
1083 2506 1108 2584 ¹,
1123 2525 1259 2588 aurique
1271 2525 1335 2588 aya
1348 2503 1428 2589 algo
1440 2501 1587 2568 tardatio

356 2631 422 2709 por
439 2625 472 2688 la
487 2623 611 2688 mucha
627 2642 737 2708 carga
750 2642 772 2706 y
788 2620 894 2685 malas
909 2621 1072 2684 caminos.

417 2831 423 2861 ¹
462 2827 506 2880 Ex
519 2827 660 2895 Regesto,
678 2823 751 2878 Cori.
772 2837 804 2892 33
818 2823 859 2892 c),
873 2821 903 2876 ff.
918 2820 1050 2876 sol-203.

414 2917 426 2950 2
463 2914 508 2968 De
519 2913 624 2968 itinere
636 2911 730 2967 Patris
740 2910 832 2966 Nadal
843 2919 873 2966 et
886 2910 924 2965 de
936 2909 1044 2980 causis,
1057 2927 1110 2965 cur
1119 2907 1317 2982 Oenipontem
1327 2910 1383 2965 hoc
1396 2917 1527 2982 tempore
1538 2927 1585 2964 ac·

361 3003 463 3074 cessit,
477 3003 560 3070 haec,
572 3000 621 3056 die
634 3017 651 3071 9
664 3000 813 3055 Februarii
830 2998 908 3069 1563,
927 2999 1080 3066 Polancus,
1103 2997 1220 3054 nomine
1234 2999 1329 3054 Patris
1342 2999 1462 3066 Latinae,
1480 2997 1587 3054 rectori

363 3091 479 3162 collegii
498 3090 685 3162 oenipontani
703 3088 861 3144 scribebat:
877 3087 1100 3145 «Gratissimum
1119 3088 1155 3143 P.
1173 3087 1211 3142 N.
1225 3105 1259 3143 ac
1277 3088 1412 3144 omnibus
1429 3088 1513 3144 nobis
1529 3086 1588 3144 tuit

364 3179 547 3236 intellexisse
558 3185 665 3251 quanta
675 3195 741 3232 cum
752 3178 935 3248 benignitate
946 3175 1091 3232 Caesarea
1101 3176 1238 3255 Maiestas
1248 3184 1278 3231 et
1288 3177 1423 3232 inuiserit
1432 3177 1589 3248 collegium

363 3285 449 3325 suum
462 3268 701 3339 oenipontauum,
720 3275 821 3321 etuas
840 3266 876 3320 ad
894 3265 1072 3338 colloquium
1091 3265 1242 3321 admiserit
1261 3265 1340 3320 domi
1360 3283 1442 3333 suae,
1462 3272 1492 3320 et
1511 3265 1588 3320 viam

365 3357 454 3412 etiam
472 3355 689 3429 praeparauerlt
707 3363 738 3408 ut
761 3353 886 3409 eundem
900 3354 1025 3426 possetis
1038 3355 1130 3410 libere
1143 3353 1312 3423 conuenire,
1326 3372 1392 3410 cnm
1406 3371 1480 3426 opus
1492 3363 1584 3410 esset.

365 3445 458 3517 Spero
467 3444 546 3517 quod
559 3445 617 3499 iarn
630 3442 724 3498 aderit
737 3444 822 3498 uobis
834 3442 922 3498 Pater
931 3443 1117 3514 prouincialis
1129 3440 1364 3516 quandoquidem
1377 3445 1589 3516 expectabatur

365 3553 382 3588 a
400 3533 545 3588 Caesarea
567 3531 722 3587 Maiestate
744 3531 775 3585 in
792 3530 866 3586 dies.
886 3532 952 3586 Non
970 3531 1072 3586 dubito
1090 3531 1178 3586 etiam
1201 3531 1272 3604 quin
1292 3532 1328 3587 R.
1348 3532 1387 3587 V.
1409 3530 1446 3587 ad
1463 3531 1589 3588 eundem

366 3621 549 3693 scripserit...
564 3628 594 3676 et
608 3620 641 3674 P.
661 3619 773 3674 Natalis
791 3618 839 3674 die
860 3620 997 3689 crastina,
1009 3621 1073 3676 Deo
1087 3619 1217 3691 fauente,
1228 3618 1425 3693 Oenipontem
1439 3629 1485 3676 est
1498 3619 1579 3693 prole

365 3717 478 3779 cturus,
489 3715 522 3762 ut
532 3708 618 3764 simul
630 3724 697 3762 curn
708 3707 811 3762 eodem
822 3707 856 3762 Ρ.
868 3707 986 3764 Cauisio
998 3715 1028 3762 et
1042 3709 1127 3764 nobis
1139 3725 1227 3778 agere
1238 3709 1330 3781 possit
1342 3708 1380 3764 de
1394 3711 1481 3764 rebus
1493 3709 1529 3764 ad
1539 3707 1591 3764 So·

364 3799 503 3855 cietatem
516 3805 646 3852 nostram
660 3796 876 3869 pertinentibus
890 3805 920 3853 et
932 3797 970 3854 de
983 3797 1047 3854 aliis
1061 3799 1160 3868 etiam,
1175 3799 1199 3853 si
1217 3815 1290 3871 opus
1306 3797 1406 3854 luerit.
1425 3799 1526 3872 Itaque
1542 3797 1594 3854 die

366 3888 460 3944 sabati
483 3887 558 3958 [sic],
577 3894 609 3941 ut
631 3903 717 3959 spero
739 3885 940 3960 Oenipontum
962 3887 1167 3960 perueniet...»
1190 3889 1234 3943 Ex
1255 3887 1397 3959 Regesto,
1412 3887 1488 3943 Cori.
1507 3889 1592 3960 330),

369 3977 422 4032 t'ol.
444 3975 504 4046 189.

422 4067 456 4120 ln
474 4065 578 4120 eodem
597 4064 668 4120 lolio
686 4066 832 4138 reperitur
849 4068 1047 4139 apographum
1064 4066 1205 4139 epistolae
1225 4065 1328 4122 eodem
1346 4065 1395 4122 die
1413 4082 1430 4136 9
1451 4066 1535 4122 datae
1551 4065 1592 4122 ad

368 4152 406 4210 P.
422 4153 582 4210 canisium.
599 4153 629 4209 in
642 4153 749 4227 quade
763 4154 860 4210 Natali
874 4163 904 4210 et
917 4154 980 4227 ipso
997 4155 1116 4212 Canisio
1135 4155 1213 4211 illius
1232 4153 1391 4210 adventum
1408 4153 1595 4211 desiderante

368 4245 442 4298 haec
454 4243 608 4298 habentur:
624 4242 682 4297 uLa
695 4242 821 4316 risposta
832 4243 911 4300 delle
924 4244 1026 4300 ultime
1038 4242 1069 4300 di
1081 4244 1118 4299 V.
1132 4244 1181 4312 R„
1194 4245 1249 4299 che
1262 4259 1334 4299 sono
1346 4243 1375 4299 di
1388 4243 1424 4300 30
1436 4243 1483 4300 del
1497 4261 1594 4316 passa·

368 4342 410 4396 to,
424 4330 449 4386 si
463 4331 568 4386 manda
582 4329 611 4386 in
626 4331 785 4404 Hispruch‚
799 4334 906 4404 perche
920 4331 1047 4388 secondo
1061 4335 1088 4388 le
1102 4334 1198 4405 parole
1217 4334 1273 4388 che
1290 4334 1317 4388 la
1335 4333 1405 4387 Mt·
1417 4333 1543 4390 Cesarea
1554 4333 1595 4388 ha

369 4419 452 4474 detto
465 4420 491 4474 al
505 4427 597 4476 rettor
610 4427 709 4476 nostro
725 4420 772 4476 del
786 4422 912 4493 collegio
924 4421 962 4476 de
976 4421 1134 4494 Hispruch,
1148 4423 1174 4476 la
1184 4421 1219 4475 R.
1231 4421 1268 4476 V.
1280 4423 1474 4493 aquest’hora
1485 4420 1594 4476 doueri

370 4523 452 4562 esser
464 4507 592 4564 arriuato
605 4510 643 4578 la,
656 4509 676 4564 il
690 4511 745 4566 che
759 4509 804 4565 sia
816 4511 853 4565 ad
865 4512 957 4566 honor
974 4519 1004 4566 et
1021 4508 1113 4581 gloria
1130 4509 1167 4564 de
1184 4508 1278 4578 Iddio,
1296 4517 1327 4564 et
1343 4507 1423 4565 accib
1439 4511 1494 4566 che
1506 4525 1593 4582 possa

369 4613 470 4652 essere
483 4595 594 4654 aiutato
607 4599 685 4653 nelle
699 4615 767 4654 cose
780 4599 964 4672 apertenenti
977 4601 1033 4656 alla
1050 4597 1233 4673 Compagnia
1251 4605 1349 4653 nostra
1362 4605 1392 4653 et
1404 4599 1432 4654 le
1445 4600 1529 4668 alne,
1541 4615 1599 4670 per
