3666 5384
813 505 881 562 Ι557
1425 505 1460 563 57

227 651 398 715 futurum:
416 647 607 716 nominaret
622 651 724 716 Pater
736 647 882 715 vicarius
894 646 1041 732 aliquem
1054 646 1272 727 cardinalem,
1287 668 1461 734 perquem

228 764 306 851 ipse
320 761 432 830 dehis
448 764 553 830 rebus
573 773 808 849 cognosceret:
826 784 906 829 eum
922 761 1021 828 nobis
1033 762 1105 830 fore
1121 761 1352 848 gratissimum
1368 764 1376 796 ¹
1395 763 1461 850 (re-

228 879 370 966 spondit
382 879 496 965 Pater)
510 899 612 964 quem
624 877 730 965 ipsius
743 879 905 944 sanctitas
920 877 1129 964 designaret.
1149 879 1210 944 Est
1225 877 1427 965 designatus
1441 901 1462 946 a

229 995 342 1063 Paulo
358 992 611 1060 alexandrinus.
635 993 703 1060 Hic
734 991 937 1061 amicissime
964 991 1141 1059 nobiscum
1162 993 1245 1079 egit:
1259 992 1461 1060 internos-

175 1125 182 1138 ·
229 1109 318 1176 dixit
334 1108 481 1196 primum
498 1107 696 1176 Bobadillae
711 1119 746 1174 et
764 1107 901 1190 Pontio,
920 1129 964 1175 ne
979 1108 1121 1175 verbum
1142 1108 1154 1141 ¹
1176 1107 1282 1174 vllum
1298 1109 1341 1175 de
1357 1129 1462 1175 causa

229 1227 386 1293 facerent
402 1223 563 1309 cuiquam
579 1234 818 1310 praeterquam
833 1221 940 1290 sibi.⁸.

298 1339 408 1426 Erigit
424 1361 462 1409 se
477 1339 513 1404 in
529 1361 625 1425 spem
642 1361 769 1406 nouam
787 1339 976 1420 Bobadilla,
995 1315 1179 1407 conscribit
1195 1339 1367 1420 articulos,
1386 1338 1461 1405 illos

226 1454 405 1534 Patribus,
424 1476 511 1539 quos
527 1453 591 1521 sibi
612 1455 724 1521 adhuc
744 1455 860 1522 fauere
880 1453 1109 1521 arbitrabatur
1130 1465 1294 1536 oste....r,
1318 1453 1404 1540 petit
1420 1455 1448 1544 [?

225 1571 333 1638 etiam
349 1569 433 1655 quid
448 1568 517 1637 sint
529 1568 735 1656 responsuri.
755 1571 852 1636 Haec
873 1589 952 1636 cum
975 1569 1218 1636 tumultuosius
1235 1581 1366 1656 ageret,
1383 1593 1462 1657 per-

227 1695 403 1754 uenerunt
418 1686 462 1753 ad
478 1683 643 1751 vicarium
659 1695 694 1751 et
709 1685 843 1752 articuli
859 1697 894 1753 et
910 1683 1157 1771 responsiones

301 1799 419 1869 Voluit
434 1822 554 1867 omnes
571 1803 691 1867 Patres
707 1800 825 1866 audire
840 1799 1080 1867 alexandrinus
1096 1796 1162 1891 [de]
1178 1800 1242 1882 his,
1258 1813 1293 1870 et
1315 1801 1390 1869 eius
1413 1805 1462 1870 rei

227 1917 345 2006 gratia
371 1916 482 1983 noluit
500 1917 506 2006 Ι
526 1939 590 1984 nos
605 1916 648 1982 ad
663 1938 702 1984 se
718 1918 760 1982 ad
776 1915 848 1983 diui
864 1917 957 1983 Petri
973 1914 1102 1996 venire,
1121 1918 1181 1983 sed
1209 1915 1303 1985 venit
1319 1917 1391 2004 ipse
1418 1921 1461 1985 ad

228 2055 309 2101 nos.
340 2031 479 2099 Auditis
507 2031 668 2100 omnibus
696 2031 868 2112 Patribus,
892 2053 960 2097 non
985 2033 1130 2098 obscure
1151 2031 1361 2101 intellectum
1394 2045 1459 2115 est,

228 2149 319 2215 nihil
334 2148 427 2215 aliud
440 2147 645 2215 cardinalem
657 2169 700 2214 ex
716 2146 808 2214 omni
824 2147 958 2216 actione
973 2146 1154 2233 collegisse
1169 2169 1271 2231 quam
1287 2151 1461 2236 prophane

228 2285 271 2345 ac
291 2263 454 2332 seditiose
471 2263 584 2351 egisse
599 2265 687 2330 duos
714 2283 872 2350 proceres
894 2261 1105 2330 Bobadillam
1132 2273 1167 2330 et
1194 2261 1367 2344 Pontium,
1386 2287 1461 2331 am-

226 2380 396 2448 bitionem
414 2389 449 2446 et
464 2379 570 2445 malas
586 2389 676 2446 artes
693 2377 815 2446 secisse
832 2380 954 2465 palam3
970 2376 1053 2443 nihil
1077 2390 1191 2447 tamen
1214 2377 1461 2465 pronuntiauit,

226 2517 346 2580 neque
371 2479 446 2562 eius
476 2506 549 2564 erat
575 2494 808 2582 pronuntiare,
827 2495 888 2561 sed
914 2493 1058 2561 exactis
1080 2495 1205 2574 referre
1232 2495 1275 2561 ad
1302 2496 1459 2562 Paulum.

228 2611 327 2680 Hinc
342 2611 456 2678 omnia
484 2611 623 2679 fuerunt
644 2609 744 2676 nobis
775 2609 1015 2676 commodiora:
1035 2609 1153 2676 timere
1176 2609 1240 2676 sibi
1273 2609 1460 2691 Bobadilla‚

227 2727 367 2796 solicite
382 2747 485 2813 agere
501 2725 592 2792 103
607 2735 645 2790 vt
661 2747 682 2791 a
696 2725 860 2792 cardinali
875 2727 912 2794 S.
937 2727 1071 2805 Florae,
1095 2726 1154 2810 qui
1171 2725 1429 2792 obtinueratmit
1439 2765 1456 2776 -
1569 2822 1571 2828 Ι

227 2854 306 2913 tere
334 2844 378 2910 ad
404 2841 634 2909 visitationem
662 2841 857 2926 monasterij
886 2841 1076 2922 cuiusdam,
1112 2841 1317 2910 mitteretur.
1345 2844 1464 2928 ltaque

227 2958 353 3047 paucis
369 2957 436 3025 illis
454 2957 577 3027 diebus
592 2957 711 3024 difisus
726 2977 851 3024 causae
866 2956 1022 3024 discessit
1038 2958 1062 3022 ⁴.

303 3073 449 3142 Pontius
479 3095 561 3142 vero
590 3072 692 3140 etiam
719 3071 896 3139 distitutus
923 3092 986 3138 suo
1013 3073 1151 3158 pylade,
1182 3085 1294 3143 tamen
1323 3073 1464 3141 retinuit

227 3213 331 3260 suam
348 3189 608 3258 animositatem.
627 3187 724 3274 Adijt
745 3187 1002 3256 alexandrinum
1017 3184 1258 3281 [cardinalem]:
1276 3208 1298 3272 4
1314 3188 1459 3278 (inquit),

227 3309 276 3375 D.
297 3309 412 3386 Rme.,
429 3325 617 3390 proponam
632 3325 694 3390 pro
710 3324 764 3371 me
779 3313 898 3370 contra
918 3302 1002 3370 istos
1022 3305 1154 3370 Patres,
1177 3306 1282 3371 Facta
1298 3305 1461 3371 facultate

225 3419 383 3500 dicendi,
401 3419 547 3506 primum
561 3417 692 3506 (inquit)
708 3428 761 3485 est
777 3418 869 3503 quod
887 3420 989 3485 Pater
1004 3417 1152 3486 vicarius
1167 3418 1250 3486 mihi
1265 3441 1307 3488 eo
1323 3419 1460 3486 nomine

225 3533 478 3626 poenitentiam
502 3532 698 3614 iniunxerit,
718 3535 811 3618 quod
822 3533 906 3600 illud
926 3533 932 3623 Ι
951 3533 1215 3620 chirographum
1228 3536 1272 3600 ad
1287 3533 1460 3604 Sanctita-

227 3665 303 3720 tem
309 3649 449 3719 Domini
460 3649 577 3717 Nostri
590 3651 615 3729 ⁵,
629 3647 689 3715 illo
700 3647 907 3733 inconsulto,
915 3649 1113 3716 mississem.
1122 3649 1267 3737 Indigne
1279 3649 1358 3716 tulit
1370 3650 1441 3738 opti
1452 3691 1459 3700 -

229 3791 313 3836 mus
330 3765 512 3833 cardinalis
523 3763 669 3831 hominis
681 3763 938 3846 confidentiam;
956 3764 1085 3832 sciebat
1101 3765 1191 3832 enim
1205 3788 1268 3833 nos
1283 3787 1459 3851 nunquam

228 3892 415 3972 propterea
431 3880 592 3948 Pontium
608 3879 776 3966 arguisse,
794 3881 855 3948 sed
870 3879 954 3946 illud
971 3890 1104 3948 tantum
1116 3891 1264 3948 notasse.
1282 3882 1369 3949 Illud
1386 3893 1459 3947 tan-

228 4010 308 4066 tum
324 3997 399 4084 ipse
414 3993 651 4082 praesentibus
666 4013 688 4076 4
704 3995 865 4081 professis
877 3993 1003 4063 diserte
1014 3997 1193 4064 consessus
1208 3997 1319 4064 fuerat
1339 4019 1376 4066 se
1392 3997 1459 4064 ini—

227 4135 301 4200 que
313 4124 465 4179 nostram
477 4111 689 4179 voluntatem
701 4109 805 4178 eundi
818 4109 853 4176 in
865 4109 1065 4196 Hispaniam
1078 4133 1153 4180 esse
1165 4132 1298 4179 summo
1306 4112 1459 4198 pontifici

285 4359 294 4392 ¹
334 4355 388 4422 M„
398 4354 607 4429 gratissimam.

280 4448 293 4480 ²
333 4443 532 4512 Ms.,varum.

282 4535 296 4568 ⁸
332 4531 529 4600 snccruruS,
543 4531 602 4586 loc.
619 4528 689 4600 cic,
702 4549 753 4586 nn.
772 4531 817 4601 84,
831 4531 879 4601 85.

282 4626 296 4658 ⁸
333 4619 793 4693 snccmnus,1oc.cit.,n.86.·

284 4713 299 4747 ⁸
336 4707 455 4782 ns.,s.
473 4710 515 4768 D.
529 4708 570 4766 N.
