3526 5380
633 523 666 566 ro
684 503 867 570 Ducanaris
891 511 959 582 1562
1355 511 1408 568 183

247 665 333 730 Post
356 664 523 750 scriptum
538 684 646 729 manu
667 665 789 730 Patris
806 666 949 730 Lainaz:
972 666 1113 751 Quanto
1128 665 1161 732 al
1181 665 1354 732 consultat
1373 665 1406 732 al

167 775 325 860 medico,
343 779 460 865 loque
475 799 519 865 yo
536 799 631 864 puse,
644 800 689 864 yo
705 779 739 845 1ο
757 778 864 864 quito;
881 799 963 865 pero
980 779 1091 863 queda
1106 800 1174 866 que
1189 779 1273 847 mire
1289 801 1349 866 por
1364 801 1406 848 su

166 893 290 976 salud,
307 899 420 980 segbn
435 914 504 979 que
518 894 551 960 la
567 899 669 962 razon
685 915 706 978 y
723 892 884 961 cbaridad
896 893 939 960 de
954 894 988 960 la
1004 894 1192 981 Compania
1207 916 1230 980 y
1245 894 1325 962 bien
1341 901 1406 982 pir-
1457 899 1460 906 ’

166 1007 270 1074 blico
284 1007 453 1094 requiete.
471 1009 546 1076 Con
563 1019 637 1076 esto
651 1009 684 1076 la
704 1007 847 1076 limosna
863 1029 885 1094 y
900 1029 1037 1076 socorro
1058 1030 1127 1094 que
1141 1007 1268 1076 biziere
1288 1016 1308 1076 a
1329 1031 1407 1078 esos

169 1123 345 1210 collegios
361 1124 393 1190 la
409 1126 528 1192 tendre
545 1146 605 1211 por
626 1126 821 1210 acertaday
840 1145 923 1210 muy
942 1123 1067 1206 buena,
1085 1146 1108 1210 y
1132 1129 1306 1212 pareceme
1325 1125 1404 1193 bien

169 1239 212 1306 lo
227 1261 297 1324 que
313 1239 445 1308 escriue
460 1240 516 1308 del
530 1241 647 1307 llamar
658 1241 709 1306 los
722 1249 871 1308 rectores
887 1248 969 1322 etc,
986 1261 1009 1328 y
1025 1240 1090 1306 alla
1106 1239 1211 1326 podra
1224 1260 1286 1308 uer
1300 1241 1406 1311 desde

173 1373 281 1422 cerca
291 1354 322 1420 si
337 1355 535 1422 conuendrt
547 1353 676 1424 embiar
687 1355 721 1422 al
736 1358 820 1422 Muo
841 1353 1004 1438 Victoria,
1018 1359 1040 1422 ό
1055 1375 1112 1423 no.

747 1601 839 1664 211ss

541 1753 578 1809 1².
600 1751 781 1824 joannes
800 1753 853 1808 nn
871 1752 1061 1813 Ponanco

666 1895 703 1933 ex
722 1879 928 1934 commissione

482 2005 621 2072 PATRI
645 2005 926 2072 HIERONYMO
950 2005 1113 2074 NADAL

537 2158 697 2214 1111111111,
714 2157 747 2198 10
763 2157 941 2201 nncruarus
956 2145 1023 2213 1562
1040 2149 1060 2201 ¹.

216 2283 247 2327 t.
272 2270 382 2324 Votum
396 2269 502 2325 Patris
514 2269 623 2325 Lainaa
633 2271 667 2324 in
677 2270 879 2325 concilio-2.
900 2267 1069 2324 Catharrus
1079 2269 1191 2324 Romae
1197 2273 1372 2343 grassatur.

255 2413 284 2462 1.
334 2396 419 2479 Muy
439 2395 524 2460 Rd0.
550 2393 586 2460 in
606 2395 671 2460 X.⁰
696 2394 814 2462 Padre.
835 2396 907 2461 Pax
922 2393 981 2462 X.i
1001 2396 1170 2462 Hauendo
1185 2393 1302 2461 scritto
1318 2415 1410 2460 mar-

181 2509 253 2578 tedi
268 2511 296 2590 ¹,
314 2519 350 2578 et
366 2507 592 2595 rispondendo
613 2523 731 2577 nostro
752 2510 863 2576 Padre
883 2510 914 2576 al
935 2521 1042 2596 punto
1062 2509 1149 2578 della
1167 2508 1268 2576 uisita
1290 2509 1315 2592 ⁵,
1335 2509 1409 2575 solo

181 2647 238 2694 me
254 2637 347 2694 resta
362 2647 383 2692 a
397 2623 469 2692 dire
485 2645 551 2710 que
571 2647 615 2712 ya
636 2625 715 2693 tutti
735 2625 758 2690 li
774 2625 894 2712 prelati
914 2629 1027 2692 hanno
1047 2624 1144 2691 finito
1159 2626 1202 2691 de
1217 2622 1269 2691 dir
1289 2623 1312 2688 li
1328 2622 1403 2691 suoi

181 2739 295 2828 pareri
311 2739 401 2806 circa
417 2738 562 2808 l’ordine
577 2761 685 2820 sacro,
704 2752 739 2808 et
753 2740 838 2808 hieri
854 2742 942 2828 dopo
962 2739 1097 2810 desinat
1114 2742 1150 2807 111
1173 2741 1252 2806 data
1272 2739 1305 2806 la
1325 2759 1409 2805 con·

181 2854 390 2944 gregatione
406 2866 495 2922 tutta
510 2877 530 2922 a
545 2867 662 2922 nostro
678 2857 789 2924 Padre
804 2858 975 2944 generale:
994 2868 1028 2924 et
1045 2853 1240 2923 trouandosi
1256 2853 1279 2919 li
1295 2852 1407 2921 cardi-

180 2971 252 3038 nali
267 2981 303 3040 et
321 2969 596 3056 frequentissimo
611 2971 777 3040 auditorio
794 2972 806 3005 *
823 2972 866 3038 de
882 2971 1013 3058 prelati,
1027 2971 1117 3040 disse
1133 2971 1156 3036 il
1169 2992 1231 3038 suo
1251 2981 1330 3038 uoto
1342 2991 1408 3037 con

180 3085 384 3154 admirabile
403 3066 640 3156 satistattione:
662 3096 708 3167 et,
731 3087 879 3156 secondo
899 3089 1100 3157 refereuano
1122 3085 1246 3166 alcuni,
1272 3098 1307 3154 et
1328 3107 1407 3172 spe·

181 3201 366 3269 cialmente
389 3200 413 3266 il
436 3201 585 3268 cardinal
609 3202 809 3283 vanniense,
827 3201 983 3288 quamuis
1006 3201 1088 3268 alias
1103 3223 1236 3288 semper
1257 3201 1409 3287 preclare

180 3316 281 3398 dixit,
300 3337 477 3401 nunquam
494 3326 562 3382 tam
579 3315 719 3404 egregie
736 3319 760 3383 ³:
783 3316 899 3406 uoglia
919 3317 944 3383 il
963 3315 1081 3404 signor
1101 3315 1195 3400 Iddio
1216 3319 1280 3386 che
1303 3337 1363 3404 per
1383 3315 1407 3380 il

241 3571 248 3601 ¹
288 3566 333 3620 Ex
346 3565 489 3636 Regesto,
505 3563 576 3621 Cod.
593 3579 626 3636 33
639 3566 679 3637 c),
693 3565 743 3621 sol.
758 3580 802 3636 95.
818 3565 851 3622 In
869 3565 1009 3636 margine:
1024 3567 1175 3640 Augusta,
1190 3567 1223 3619 al
1235 3563 1337 3620 Partra
1352 3562 1408 3619 Ca·

178 3655 274 3710 nasio.
297 3654 439 3709 Mendose
456 3661 555 3710 autem
577 3654 717 3726 scriptum
734 3653 791 3710 suit
807 3655 849 3710 ibi
867 3671 974 3710 nomen
992 3656 1086 3710 Patris
1104 3654 1214 3710 Caninii
1231 3671 1283 3726 pro
1302 3650 1407 3722 Nadal,

177 3743 228 3800 cni
241 3745 297 3799 abs
309 3741 400 3798 dubio
413 3743 486 3798 haec
499 3743 623 3815 epistola
635 3742 703 3799 data
716 3743 783 3814 fnit,
797 3752 830 3800 ut
842 3763 880 3800 ex
897 3745 975 3801 illius
993 3744 1135 3818 principio
1148 3751 1178 3798 et
1195 3744 1253 3798 fine
1271 3750 1364 3814 patet,
1377 3751 1408 3796 et

177 3851 218 3890 ex
231 3831 365 3905 eoquod
378 3829 514 3888 Caninius
532 3839 601 3886 tunc
619 3832 772 3904 Augustae
791 3832 910 3890 minime
928 3835 1108 3889 versabatur.
1130 3831 1205 3888 Vide
1222 3833 1343 3903 insuper
1362 3847 1408 3886 se·

175 3931 306 3996 quentes
319 3921 533 3986 annotationes,
558 3934 574 3976 2
595 3929 627 3976 et
643 3919 670 3977 3.
689 3923 806 3978 Partem
824 3923 910 3994 hujus
929 3923 1070 3995 epistolae
1090 3921 1182 3977 edidit
1199 3921 1405 3978 BRAUNSBER-

176 4023 255 4080 aaa,
269 4011 331 4065 loc.
346 4009 411 4079 cin,
423 4009 478 4078 111,
492 4009 555 4080 5⁶5·

230 4103 242 4135 ¹
280 4099 398 4171 Reapse
410 4097 458 4153 die
472 4099 603 4170 proxima
616 4100 729 4170 martis,
743 4118 817 4172 quae
830 4118 906 4156 anno
918 4101 986 4172 1562
996 4099 1079 4157 111118
1091 4097 1276 4170 Decembris,
1288 4097 1408 4172 scripsit

177 4189 328 4243 Polancus
340 4186 378 4242 ad
390 4187 526 4243 Natalem
538 4188 690 4260 epistolam
703 4191 769 4245 sub.
783 4207 813 4244 n.
827 4188 880 4258 239
892 4190 1026 4262 positam.

232 4277 246 4312 ¹
283 4277 374 4332 Pater
385 4275 499 4332 scilicet
515 4276 625 4332 Lainez
641 4277 755 4350 propria
773 4295 860 4334 manu
877 4279 1096 4351 responsionem
1115 4277 1213 4333 Natali
1230 4274 1406 4333 nansfmen-

174 4365 247 4424 dam
260 4365 292 4422 in
305 4373 424 4436 regesto
438 4365 579 4434 exaravit,
594 4374 626 4421 ut
639 4366 768 4422 diximus
781 4383 877 4440 supra,
893 4367 983 4439 epist.
1000 4381 1050 4438 241
1070 4367 1108 4423 ad
1120 4368 1242 4423 calcem.

232 4457 247 4492 ⁴
282 4455 381 4527 Prius,
394 4455 583 4520 l’urrds'torr'o,
595 4455 672 4528 quod
685 4456 853 4511 emendavit
862 4455 1010 4512 librarius.

231 4545 250 4582 ¹·
281 4543 468 4602 Contrarium
482 4559 600 4616 prorsus
613 4545 730 4620 scripsit
743 4546 788 4604 Lu
799 4545 896 4612 ΡιΑτ,
909 4545 1175 4601 Monumantorum
1189 4545 1230 4600 ad
1246 4543 1406 4599 historiam

172 4633 301 4692 corror'lir'
318 4634 481 4690 tridentini
493 4635 685 4705 potissimum
700 4633 918 4690 illustrandam
935 4635 1126 4707 amplissima
1143 4634 1284 4697 collectio,
1299 4639 1320 4686 t.
1339 4629 1407 4700 vn,

173 4733 264 4797 parte
277 4723 330 4794 2.⁸,
343 4739 415 4796 pag.
436 4733 483 4794 97,
501 4721 552 4778 ubi
570 4723 600 4779 in
616 4722 791 4796 compendio
807 4721 891 4778 diarii
908 4721 1086 4794 psalmaeani
1104 4739 1141 4777 ex
1158 4721 1237 4778 card.
1256 4719 1407 4776 Ludovico
