3604 5380
412 441 448 510 96
834 440 868 493 P.
888 439 1030 494 Nautis
1049 439 1216 494 Eutime.

410 595 555 664 inseruit
571 616 635 661 suo
650 593 879 676 canonicatui,
896 615 976 659 cum
991 591 1081 660 votis
1096 591 1181 673 suis,
1200 611 1264 658 nec
1280 593 1393 658 adhuc
1408 593 1453 658 de
1469 591 1527 658 illo
1549 593 1641 658 aliud

368 765 369 768 η
409 710 529 777 statuit
547 713 660 777 Pater.
681 709 772 776 Hinc
789 707 945 776 venimus
961 705 1189 794 Antuerpiam
1208 709 1230 773 ¹.

452 889 538 957 20!
563 910 589 956 v
906 907 1137 954 nurunnemn

473 1053 553 1126 Huc
576 1058 655 1124 veni
679 1059 723 1124 ad
743 1058 906 1124 emendos
928 1055 1045 1138 libros;
1071 1076 1270 1142 acceperam
1294 1056 1384 1124 enim
1409 1056 1591 1144 negocium
1612 1082 1631 1125 a

407 1179 508 1243 Patre
523 1187 561 1239 vt
577 1193 644 1256 400
659 1173 726 1259 illjs
747 1171 884 1252 francis,
912 1191 998 1256 quos
1018 1170 1198 1237 attuleram
1219 1193 1262 1239 ex
1283 1171 1462 1258 Hispania,
1485 1195 1635 1242 emerem

404 1290 523 1372 libroS,
542 1309 611 1355 non
627 1287 814 1354 catholicos
834 1287 957 1366 solum,
979 1288 1041 1352 sed
1061 1285 1251 1354 haereticos
1272 1286 1366 1367 item,
1388 1299 1425 1353 vt
1446 1286 1579 1374 possint
1597 1289 1635 1355 hi

402 1405 579 1474 deseruire
596 1403 756 1471 Patribus
776 1402 944 1483 Tridenti,
967 1401 1014 1467 illi
1035 1400 1137 1468 etiam
1157 1403 1296 1471 Romae.
1322 1403 1397 1469 Emi
1419 1404 1490 1472 fere
1513 1425 1634 1471 omnes

402 1523 563 1588 doctores
587 1521 766 1606 theologos
787 1515 958 1602 antiquos,
982 1517 1065 1584 alios
1088 1529 1264 1603 praeterea
1286 1517 1402 1599 libros,
1429 1520 1497 1605 qui·
1510 1521 1566 1588 vel
1589 1523 1632 1587 ad

402 1635 578 1702 historiam
594 1635 649 1703 vel
665 1636 709 1701 ad
724 1631 975 1700 controuersias
989 1632 1168 1700 vtilitatem
1185 1635 1306 1702 afferre
1322 1635 1417 1702 2⁰2
1429 1647 1581 1722 possent,
1595 1649 1630 1704 et

401 1751 480 1818 dedi
497 1749 678 1837 negocium
696 1747 875 1816 mercatori
892 1746 1026 1814 cuidam
1042 1748 1191 1815 lusitano
1206 1749 1355 1818 Ximeno
1371 1747 1408 1842 [l]
1424 1763 1462 1818 vt
1478 1751 1629 1821 mitteret

398 1867 614 1936 Tridentum.
634 1863 788 1932 Intellexi
804 1863 992 1949 pollicitum
1009 1884 1085 1932 esse
1103 1867 1240 1932 Patrem
1253 1867 1499 1935 mercatoribus
1511 1867 1630 1954 hispa-

400 1982 453 2048 nis
469 2003 574 2048 vnum
591 1979 875 2048 concionatorem.
896 1978 989 2045 Hinc
1004 1979 1162 2047 venimus
1177 1981 1369 2048 Louanium
1386 1983 1411 2047 ³.

465 2159 562 2227 2⁰3
938 2176 1073 2224 toumu
1076 2177 1093 2238 J

404 2405 406 2411 λ
460 2331 579 2399 Status
590 2349 703 2395 rerum
719 2326 775 2393 hic
791 2326 873 2393 mihi
886 2348 956 2393 non
970 2326 1160 2412 vulgariter
1179 2327 1363 2414 displicuit:
1387 2327 1472 2394 nihil
1493 2331 1629 2396 fructus

393 2446 598 2513 atterebatur
613 2441 836 2510 scholasticis:
853 2441 970 2508 nullus
986 2443 1057 2510 fere
1072 2453 1145 2509 erat
1164 2454 1282 2511 noster
1298 2443 1535 2510 scholasticus:
1551 2446 1627 2510 nul·

393 2561 448 2629 lus
459 2562 504 2628 ad
520 2559 726 2629 Societatem
744 2557 988 2625 adducebatur.
1006 2559 1046 2623 P.
1072 2557 1245 2626 Adrianus
1256 2579 1339 2625 suos
1355 2580 1467 2625 mores
1488 2559 1626 2629 obtine-

392 2678 462 2757 bat,
477 2686 544 2743 etc.
560 2675 628 2741 Hic
644 2677 865 2742 vehementer
879 2671 915 2738 in
935 2695 991 2740 me
1006 2684 1059 2740 est
1075 2685 1277 2755 commotus,
1296 2675 1389 2759 quod
1405 2697 1566 2761 vrgerem
1586 2687 1628 2741 vt

392 2791 475 2858 mihi
492 2791 714 2858 confiteretur
730 2788 946 2875 generaliter.
966 2787 1075 2872 Dixit,
1093 2800 1175 2870 etc.,
1194 2791 1218 2854 ³.

459 2905 624 2989 Visitaui,
646 2906 761 2990 quoad
779 2903 786 2992 Ι
806 2901 913 2984 licuit,
935 2914 971 2972 et
989 2904 1094 2972 statui
1115 2903 1200 2972 illud
1221 2905 1312 2991 apud
1327 2901 1405 2997 [me]
1423 2916 1622 2975 constanter

389 3043 466 3090 esse
476 3020 707 3090 necessarium
723 3030 761 3085 vt
778 3017 899 3106 aliquis
915 3029 1028 3085 rector
1039 3018 1231 3088 mitteretur
1243 3043 1286 3088 ex
1302 3022 1398 3100 vrbe,
1412 3019 1539 3106 alioqui
1551 3019 1623 3087 illic

389 3138 500 3224 perire
527 3135 626 3203 nobis
642 3157 806 3222 magnum
821 3146 1038 3221 prouentum.
1053 3133 1214 3222 Cogitaui
1236 3134 1438 3222 magistrum
1460 3136 1620 3202 Iacobum

388 3253 563 3339 Scipman:
581 3251 743 3337 proposui
759 3255 826 3316 hoc
844 3249 936 3316 Patri
953 3248 1119 3318 Tridenti:
1139 3250 1229 3317 misit
1245 3251 1351 3331 illum,
1370 3260 1405 3319 et
1422 3274 1492 3317 non
1505 3251 1542 3339 [?]
1557 3253 1623 3318 ad-

388 3373 456 3437 huc
469 3390 524 3438 res
536 3377 589 3437 est
601 3387 670 3451 quo
682 3366 758 3432 loco
769 3366 871 3433 debet
884 3364 909 3444 ⁴,
924 3376 958 3431 et
969 3385 1037 3450 ego
1050 3366 1183 3446 vellem,
1199 3377 1336 3452 propter
1347 3367 1485 3434 dubiam
1497 3389 1619 3454 super—

386 3481 634 3552 intendentiarn
647 3484 688 3548 P.
708 3478 849 3547 Adriani
862 3490 897 3545 et
909 3500 1020 3546 mores
1036 3479 1206 3566 antiquos.
1226 3483 1307 3548 Erat
1322 3503 1456 3548 mecum
1471 3486 1511 3549 P.
1526 3484 1617 3549 Eue-

386 3600 506 3666 rardus
523 3595 751 3683 prouincialis:
770 3595 802 3662 ei
818 3595 894 3663 dedi
917 3595 1097 3681 ,negotium
1119 3606 1169 3680 vt,
1194 3596 1320 3664 omisso
1335 3597 1430 3665 204
1448 3599 1620 3682 Adrian0,

385 3713 550 3800 reliquam
566 3733 683 3778 curam
699 3709 790 3777 illius
805 3709 939 3797 collegij
957 3711 1146 3798 susciperet
1162 3722 1197 3778 et
1209 3723 1345 3799 gereret
1362 3715 1385 3779 ⁵.

454 3894 548 3960 20³
914 3910 1097 3959 cononum

451 4065 531 4130 Huc
547 4063 642 4132 venit
659 4059 837 4127 nobiscum
857 4063 896 4126 P.
917 4061 1124 4128 Euerardus.
1152 4063 1230 4128 Hoc
1253 4063 1435 4150 collegium
1454 4063 1523 4129 vidi
1546 4087 1619 4132 non

381 4179 539 4248 obtinere
554 4201 650 4246 suam
672 4175 875 4255 libertatem,
899 4186 971 4240 tum
992 4186 1130 4262 propter
1149 4179 1300 4259 bursam,
1323 4177 1359 4245 in
1381 4201 1448 4263 qua
1468 4189 1561 4261 sunt,
1581 4191 1621 4248 et

389 4277 601 4287 ————-

438 4308 447 4338 ¹
486 4305 552 4358 Fol.
571 4315 620 4358 201
636 4319 661 4357 r.
676 4317 801 4356 vacuum
815 4307 876 4354 est.

433 4397 445 4427 t
483 4391 532 4446 Nil
546 4392 577 4446 in
590 4390 643 4446 fol.
662 4403 715 4445 202
728 4406 760 4442 v.
776 4388 920 4460 scriptum
932 4386 999 4442 fuit.

434 4481 445 4513 ⁵
483 4478 560 4534 Vide
573 4478 778 4550 appendicem,
791 4495 821 4531 n.
833 4477 914 4532 Vlll.

432 4571 445 4603 ⁴
482 4569 551 4636 Ms,
576 4568 692 4623 dabant.

431 4661 443 4693 ⁵
480 4658 548 4714 Fol.
565 4671 618 4727 204
632 4675 661 4711 v.
680 4674 784 4730 purum
797 4666 939 4714 remanet.
