3666 5384
549 449 741 506 Pnoosmuu
759 460 896 505 saeuum
915 462 1086 507 vonumms
1371 465 1427 506 xm

204 621 245 690 29
260 604 372 688 Sept,
390 621 430 684 14
445 602 527 669 Oct.
543 601 609 688 63);
628 601 714 668 aliae
729 602 774 670 de
794 601 958 688 regimine
979 601 1240 688 provinciarum,
1262 603 1427 692 collegio-

203 739 289 797 rum,
303 716 531 798 subditorum,
546 717 590 785 de
601 715 761 804 negotiis,
775 718 820 783 de
831 717 934 786 rebus
946 717 1065 804 gestis,
1079 718 1124 787 de
1134 717 1231 786 obitu
1242 717 1423 801 sociorum,

204 832 292 902 inter
305 854 393 917 quos
409 833 640 901 recensendus
655 831 766 919 primo
782 833 861 900 loco
881 832 1025 901 eximius
1040 832 1092 898 vir
1113 836 1153 901 P.
1177 835 1298 902 doctor
1314 837 1423 902 Anto·

204 948 280 1015 nius
295 949 339 1015 de
356 947 491 1015 Madrid
507 949 559 1036 (15
577 949 681 1028 Nov.,
700 948 821 1014 6Dec.
841 948 896 1030 623
919 951 1062 1037 15Jan.,
1083 965 1115 1033 5,
1138 966 1176 1032 17
1193 949 1317 1036 April,
1337 970 1369 1036 3,
1389 970 1427 1018 10

201 1064 269 1151 Jul.
280 1065 337 1148 63;
356 1082 389 1144 2,
409 1082 451 1150 29
468 1066 545 1152 Jan.
562 1063 627 1150 64).
639 1062 836 1150 Aragoniae
849 1061 1066 1149 provincialis
1085 1065 1129 1132 de
1144 1065 1246 1132 domo
1255 1066 1427 1151 probatio-

204 1177 562 1266 nisCaesaraugustae
569 1179 624 1245 vel
634 1176 812 1246 Valentiae
822 1177 1031 1247 instituenda
1043 1178 1214 1248 scribebat
1223 1181 1254 1267 (8
1263 1182 1344 1268 Jun.
1357 1181 1423 1268 63).

266 1295 306 1361 In
322 1296 526 1388 Luspranm
544 1297 584 1361 P.
603 1293 838 1362 Gundisalvus
854 1295 939 1376 Vaz,
953 1293 1082 1363 monita
1095 1295 1206 1362 Patris
1227 1297 1337 1362 Nadal
1348 1295 1426 1362 dili-

203 1409 403 1496 gentissime
414 1431 618 1496 exsequens,
633 1407 841 1496 provinciam
854 1407 1050 1476 Lusitaniae
1061 1411 1233 1496 praeclare
1245 1410 1346 1498 regit,
1357 1412 1425 1478 col·

203 1523 291 1612 legia
300 1525 471 1612 provehit,
489 1535 524 1592 et
542 1523 646 1591 tantis
657 1523 831 1591 laboribus
843 1525 983 1604 fractus
1000 1535 1214 1610 praematura
1225 1535 1333 1592 morte
1346 1547 1426 1594 suc-

201 1641 334 1708 cumbit
350 1643 403 1728 (25
421 1644 510 1708 Nov.
530 1641 585 1722 623
605 1659 646 1708 22
659 1643 752 1729 Jan.,
771 1640 873 1728 6Jul.
892 1640 959 1725 63).

266 1757 388 1841 Atque
399 1759 485 1824 haec
501 1757 544 1823 de
560 1757 663 1823 rebus
678 1755 721 1822 ad
733 1754 925 1822 universam
950 1755 1155 1826 Societatem
1179 1757 1423 1844 spectantibus.
1507 1794 1511 1804 ·

268 1889 373 1954 (Μ.
395 1875 450 1938 De
469 1873 679 1940 Germaniae
690 1872 882 1956 provinciis
903 1876 934 1936 at
952 1871 993 1937 de
1009 1873 1053 1938 P.
1069 1872 1280 1958 Hieronymo
1296 1872 1423 1940 Nadal.

202 1989 303 2054 -Da
319 1988 519 2054 Genusum
535 1999 570 2055 et
586 1987 630 2054 de
645 1987 748 2054 rebus
760 1985 795 2052 in
811 1985 868 2053 illa
883 2008 904 2052 a
919 1985 1032 2053 Natali
1048 1986 1212 2056 ordinatis
1223 1988 1331 2073 major
1346 2009 1426 2074 pro·

202 2102 367 2170 culdubio
392 2114 690 2171 monumentorum
711 2101 820 2188 copia,
851 2112 890 2168 ut
915 2101 1074 2185 diximuS,
1103 2102 1138 2168 in
1161 2106 1227 2169 hoc
1253 2103 1427 2170 volumine

202 2218 395 2286 exhibetur.
425 2220 524 2286 Duae
551 2227 683 2285 tantum
711 2215 891 2286 Societatis
918 2216 1114 2302 provinciae
1134 2217 1169 2282 in
1180 2218 1369 2286 Germania
1392 2229 1427 2288 et

202 2333 403 2419 regionibus
418 2332 539 2399 vicinis
555 2332 833 2412 numerabantur,
853 2353 932 2398 eum
949 2334 989 2399 P.
1013 2333 1123 2399 Nadal
1142 2330 1188 2398 ibi
1204 2331 1426 2402 commissarii

201 2459 235 2516 et
249 2449 440 2516 visitatoris
462 2470 603 2516 munere
624 2445 723 2534 iungi
744 2446 867 2533 coepit:
890 2447 1031 2526 scilicet,
1054 2446 1238 2515 Germania
1258 2449 1424 2534 superior,
1514 2451 1516 2455 ’

203 2585 289 2650 quae
306 2585 369 2631 sex
383 2563 528 2650 collegia
548 2564 850 2650 complectebatur:
873 2562 1070 2643 viennense,
1094 2563 1150 2630 cui
1166 2565 1287 2630 domus
1303 2565 1427 2650 proba·

205 2679 307 2747 tionis
334 2680 520 2765 conjuncta
545 2689 635 2760 erat,
660 2700 842 2765 pragense,
872 2677 1093 2759 tirnaviense,
1122 2699 1325 2746 monacense
1347 2701 1426 2746 cum

203 2797 305 2863 domo
323 2795 547 2883 probationis,
565 2793 831 2882 ingolstadiense
846 2806 881 2862 et
893 2774 1168 2878 oenipontanum.
1183 2793 1325 2861 Inferior
1337 2796 1426 2862 Ger-

203 2912 329 2992 mania,
348 2933 448 2997 quae,
468 2911 518 2977 uti
534 2910 636 2980 etiam
651 2909 817 2996 superior,
836 2920 954 2996 postea
973 2908 1009 2976 in
1025 2911 1110 2976 duas
1126 2908 1234 2976 divisa
1245 2909 1321 2990 fuit,
1345 2920 1427 2977 tunc

204 3027 367 3116 temporis
393 3026 548 3114 collegiis
571 3025 747 3108 Coloniae,
776 3025 937 3104 TreviriS,
964 3024 1176 3112 Mogontiae,
1203 3024 1424 3112 Antverpiae,

203 3143 360 3224 Lovanii,
378 3143 527 3210 Tomaci
539 3153 575 3212 et
590 3141 765 3210 Cameraci
778 3142 1002 3210 coalescebat.

267 3261 373 3327 Anno
385 3258 491 3345 igitur
508 3259 604 3343 1562,
622 3281 643 3324 a
658 3256 886 3347 menseJunio
906 3256 1073 3343 incipiunt
1093 3255 1268 3343 epistolae,
1292 3278 1380 3343 quae
1392 3257 1427 3324 in

202 3375 335 3444 Natalis
352 3374 465 3441 officio
480 3396 541 3460 per
555 3373 761 3442 Germaniae
777 3371 924 3460 collegia
939 3384 1131 3440 versantur.
1151 3373 1189 3438 In
1205 3372 1246 3439 iis
1262 3373 1305 3439 de
1325 3374 1427 3440 domo

202 3490 341 3578 propria
356 3512 434 3558 cum
458 3491 583 3576 templo
604 3488 766 3558 Societati
787 3489 822 3556 in
846 3489 930 3554 urbe
951 3487 1114 3555 Coloniae
1130 3488 1364 3573 procurandis,
1383 3487 1427 3554 de

204 3605 323 3692 majori
344 3605 380 3672 in
400 3603 618 3674 admittendis
645 3615 680 3671 et
707 3603 925 3672 instituendis
953 3602 1119 3670 tironibus
1135 3602 1313 3690 diligentia
1329 3603 1427 3670 adhi-

206 3723 320 3791 benda
347 3721 379 3810 (7
395 3721 504 3810 Jun.)‚
526 3731 592 3786 etc.
616 3721 782 3788 Defectus
807 3718 964 3805 equidem
991 3717 1074 3784 varii
1096 3717 1131 3784 in
1158 3717 1426 3786 adolescentium

204 3837 421 3906 institutione
440 3837 759 3923 deprehenduntur,
782 3834 811 3902 si
839 3833 995 3904 examina
1022 3833 1188 3900 sodalium
1210 3833 1373 3901 Coloniae
1393 3844 1428 3902 et

204 3953 285 4020 alibi
297 3952 522 4020 admissorum
537 3962 668 4020 attente
686 3951 947 4018 considerentur
970 3953 992 4031 ¹;
1015 3951 1106 4034 quod
1124 3960 1217 4017 certe
1238 3960 1427 4035 temporum

201 4067 347 4154 injuriae
362 4078 397 4136 et
411 4069 580 4135 bonorum
596 4068 846 4134 moderatorum
862 4065 1025 4152 penuriae
1042 4065 1145 4132 tribui
1161 4065 1275 4131 debet.

270 4183 504 4272 Collegiorum
524 4181 728 4270 moguntini,
747 4181 954 4262 trevirensis,
973 4178 1248 4267 ingolstadiensis
1260 4189 1295 4245 et
1310 4201 1429 4247 mona-

257 4322 266 4354 ¹
304 4319 386 4374 Haec
399 4318 546 4387 examina,
559 4333 635 4389 quae
649 4317 679 4372 in
691 4315 781 4389 priori
794 4315 942 4369 volumine
953 4315 983 4369 in
993 4313 1232 4369 annotationibus
1245 4313 1427 4384 singularum

204 4408 395 4480 epistolarum
407 4407 554 4470 dedimus,
567 4406 708 4479 deinceps
725 4403 906 4460 commodius
924 4403 986 4458 iore
1003 4402 1172 4458 censuimus
1185 4401 1282 4458 omnia
1294 4402 1381 4459 simul
1397 4405 1428 4458 in

203 4495 363 4570 'appendice
376 4499 532 4562 collocare,
546 4515 584 4554 ne
597 4495 801 4552 annotationes
814 4493 937 4548 nimium
950 4501 1134 4564 excrescant,
1145 4499 1176 4548 et
1189 4501 1221 4548 ut
1231 4491 1347 4548 facilius
1359 4509 1429 4547 con·

205 4586 262 4642 suli
273 4590 390 4642 valeant
402 4587 440 4642 ab
453 4586 501 4658 iis,
515 4585 565 4659 qui
578 4584 698 4640 notitias
708 4583 744 4638 ad
754 4583 850 4638 socios
860 4583 1043 4655 pertinentes
1054 4582 1218 4654 exquirant.
1231 4581 1307 4636 Vide
1320 4599 1429 4654 appen-

208 4675 316 4749 dicem,
329 4695 362 4733 n.
380 4678 406 4734 l.
