<?xml version="1.0" encoding="UTF-8"?>
<!DOCTYPE html PUBLIC "-//W3C//DTD XHTML 1.0 Transitional//EN"
    "http://www.w3.org/TR/xhtml1/DTD/xhtml1-transitional.dtd">
<html xmlns="http://www.w3.org/1999/xhtml" xml:lang="en" lang="en">
 <head>
  <title>
</title>
<meta http-equiv="Content-Type" content="text/html;charset=utf-8" />
  <meta name='ocr-system' content='tesseract 3.04.00' />
  <meta name='ocr-capabilities' content='ocr_page ocr_carea ocr_par ocr_line ocrx_word'/>
</head>
<body>
  <div class='ocr_page' id='page_1' title='image "./epistolaephiero00nadagoog_0166.png"; bbox 0 0 3604 5380; ppageno 0'>
   <div class='ocr_carea' id='block_1_1' title="bbox 662 427 1443 512">
    <p class='ocr_par' dir='ltr' id='par_1_1' title="bbox 662 427 1443 512">
     <span class='ocr_line' id='line_1_1' title="bbox 662 427 1443 512; baseline 0.01 -24"><span class='ocrx_word' id='word_1_1' title='bbox 662 447 698 488; x_wconf 85' lang='lat'>20</span> <span class='ocrx_word' id='word_1_2' title='bbox 716 427 903 490; x_wconf 74' lang='lat' dir='ltr'>Horatianis</span> <span class='ocrx_word' id='word_1_3' title='bbox 925 433 994 503; x_wconf 81' lang='lat'>1562</span> <span class='ocrx_word' id='word_1_4' title='bbox 1392 440 1443 512; x_wconf 84' lang='lat'>139</span> 
     </span>
    </p>
   </div>
   <div class='ocr_carea' id='block_1_2' title="bbox 197 585 1525 2640">
    <p class='ocr_par' dir='ltr' id='par_1_2' title="bbox 197 585 1525 2640">
     <span class='ocr_line' id='line_1_2' title="bbox 205 585 1445 679; baseline 0.005 -25"><span class='ocrx_word' id='word_1_5' title='bbox 205 587 257 654; x_wconf 85' lang='lat' dir='ltr'>dc</span> <span class='ocrx_word' id='word_1_6' title='bbox 271 587 324 652; x_wconf 89' lang='lat' dir='ltr'>los</span> <span class='ocrx_word' id='word_1_7' title='bbox 339 586 486 669; x_wconf 82' lang='grc'><strong>31311133,</strong></span> <span class='ocrx_word' id='word_1_8' title='bbox 504 587 561 655; x_wconf 90' lang='lat' dir='ltr'>dcl</span> <span class='ocrx_word' id='word_1_9' title='bbox 575 585 657 672; x_wconf 78' lang='lat' dir='ltr'>qual</span> <span class='ocrx_word' id='word_1_10' title='bbox 671 605 709 655; x_wconf 88' lang='lat' dir='ltr'>se</span> <span class='ocrx_word' id='word_1_11' title='bbox 725 586 965 654; x_wconf 76' lang='lat' dir='ltr'>dira&#39;tambien</span> <span class='ocrx_word' id='word_1_12' title='bbox 981 588 1140 674; x_wconf 75' lang='lat' dir='ltr'>despues3</span> <span class='ocrx_word' id='word_1_13' title='bbox 1160 602 1290 677; x_wconf 86' lang='lat' dir='ltr'>porque</span> <span class='ocrx_word' id='word_1_14' title='bbox 1304 590 1402 660; x_wconf 89' lang='lat' dir='ltr'>desto</span> <span class='ocrx_word' id='word_1_15' title='bbox 1422 617 1445 679; x_wconf 90' lang='lat' dir='ltr'>y</span> 
     </span>
     <span class='ocr_line' id='line_1_3' title="bbox 206 699 1443 792; baseline 0.008 -24"><span class='ocrx_word' id='word_1_16' title='bbox 206 702 255 768; x_wconf 88' lang='lat' dir='ltr'>de</span> <span class='ocrx_word' id='word_1_17' title='bbox 270 703 304 772; x_wconf 86' lang='grc'>13</span> <span class='ocrx_word' id='word_1_18' title='bbox 320 701 501 770; x_wconf 83' lang='lat' dir='ltr'>fundation</span> <span class='ocrx_word' id='word_1_19' title='bbox 517 708 695 770; x_wconf 73' lang='grc'><strong>1331133133</strong></span> <span class='ocrx_word' id='word_1_20' title='bbox 710 704 945 790; x_wconf 70' lang='lat' dir='ltr'>en&#39;Lasperga</span> <span class='ocrx_word' id='word_1_21' title='bbox 960 723 1026 770; x_wconf 91' lang='grc'>333</span> <span class='ocrx_word' id='word_1_22' title='bbox 1041 699 1093 770; x_wconf 87' lang='grc'>133</span> <span class='ocrx_word' id='word_1_23' title='bbox 1104 705 1299 792; x_wconf 89' lang='lat' dir='ltr'>consejeros</span> <span class='ocrx_word' id='word_1_24' title='bbox 1310 708 1366 774; x_wconf 90' lang='lat' dir='ltr'>del</span> <span class='ocrx_word' id='word_1_25' title='bbox 1377 708 1443 778; x_wconf 88' lang='lat' dir='ltr'>du·</span> 
     </span>
     <span class='ocr_line' id='line_1_4' title="bbox 206 815 1440 904; baseline 0.005 -18"><span class='ocrx_word' id='word_1_26' title='bbox 206 839 292 904; x_wconf 83' lang='lat' dir='ltr'>que.</span> <span class='ocrx_word' id='word_1_27' title='bbox 311 819 352 886; x_wconf 90' lang='lat' dir='ltr'>El</span> <span class='ocrx_word' id='word_1_28' title='bbox 367 821 430 888; x_wconf 89' lang='lat' dir='ltr'>Dr.</span> <span class='ocrx_word' id='word_1_29' title='bbox 449 815 631 886; x_wconf 77' lang='lat' dir='ltr'>Theodoro</span> <span class='ocrx_word' id='word_1_30' title='bbox 650 821 659 852; x_wconf 84' lang='lat'>¹</span> <span class='ocrx_word' id='word_1_31' title='bbox 677 818 792 888; x_wconf 82' lang='lat' dir='ltr'>rehizo</span> <span class='ocrx_word' id='word_1_32' title='bbox 812 819 844 884; x_wconf 95' lang='grc'>13</span> <span class='ocrx_word' id='word_1_33' title='bbox 865 817 1029 887; x_wconf 74' lang='grc'><strong>(13331133</strong></span> <span class='ocrx_word' id='word_1_34' title='bbox 1048 817 1103 886; x_wconf 88' lang='grc'>313</span> <span class='ocrx_word' id='word_1_35' title='bbox 1125 842 1320 892; x_wconf 88' lang='lat' dir='ltr'>reseruarse</span> <span class='ocrx_word' id='word_1_36' title='bbox 1340 825 1440 894; x_wconf 83' lang='lat' dir='ltr'>nacla.</span> 
     </span>
     <span class='ocr_line' id='line_1_5' title="bbox 208 934 1525 1024; baseline 0.007 -24"><span class='ocrx_word' id='word_1_37' title='bbox 208 934 267 1001; x_wconf 90' lang='lat' dir='ltr'>No</span> <span class='ocrx_word' id='word_1_38' title='bbox 283 945 368 1000; x_wconf 83' lang='lat' dir='ltr'>tuuc</span> <span class='ocrx_word' id='word_1_39' title='bbox 383 945 460 1002; x_wconf 92' lang='lat' dir='ltr'>otro</span> <span class='ocrx_word' id='word_1_40' title='bbox 474 935 576 1001; x_wconf 89' lang='lat' dir='ltr'>modo</span> <span class='ocrx_word' id='word_1_41' title='bbox 595 935 703 1020; x_wconf 88' lang='lat' dir='ltr'>mejor</span> <span class='ocrx_word' id='word_1_42' title='bbox 722 956 804 1022; x_wconf 89' lang='lat' dir='ltr'>para</span> <span class='ocrx_word' id='word_1_43' title='bbox 823 935 954 1021; x_wconf 87' lang='lat' dir='ltr'>ayudar</span> <span class='ocrx_word' id='word_1_44' title='bbox 975 943 1048 1003; x_wconf 84' lang='lat' dir='ltr'>este</span> <span class='ocrx_word' id='word_1_45' title='bbox 1067 935 1214 1024; x_wconf 88' lang='lat' dir='ltr'>collegio</span> <span class='ocrx_word' id='word_1_46' title='bbox 1237 938 1281 1006; x_wconf 87' lang='lat' dir='ltr'>de</span> <span class='ocrx_word' id='word_1_47' title='bbox 1300 939 1445 1024; x_wconf 88' lang='lat' dir='ltr'>lspruch</span> <span class='ocrx_word' id='word_1_48' title='bbox 1522 951 1525 956; x_wconf 85' lang='lat'>&#39;</span> 
     </span>
     <span class='ocr_line' id='line_1_6' title="bbox 206 1030 1444 1142; baseline 0.008 -28"><span class='ocrx_word' id='word_1_49' title='bbox 206 1030 280 1134; x_wconf 85' lang='lat' dir='ltr'>que</span> <span class='ocrx_word' id='word_1_50' title='bbox 297 1059 410 1120; x_wconf 90' lang='lat' dir='ltr'>tomar</span> <span class='ocrx_word' id='word_1_51' title='bbox 425 1047 468 1118; x_wconf 81' lang='lat' dir='ltr'>de</span> <span class='ocrx_word' id='word_1_52' title='bbox 483 1050 693 1138; x_wconf 86' lang='lat' dir='ltr'>Ingolstadio</span> <span class='ocrx_word' id='word_1_53' title='bbox 709 1056 729 1116; x_wconf 77' lang='lat' dir='ltr'>a</span> <span class='ocrx_word' id='word_1_54' title='bbox 745 1049 927 1138; x_wconf 84' lang='lat' dir='ltr'>Georgio’</span> <span class='ocrx_word' id='word_1_55' title='bbox 949 1049 1116 1120; x_wconf 86' lang='lat' dir='ltr'>tudescho</span> <span class='ocrx_word' id='word_1_56' title='bbox 1139 1074 1221 1137; x_wconf 88' lang='lat' dir='ltr'>para</span> <span class='ocrx_word' id='word_1_57' title='bbox 1241 1074 1309 1138; x_wconf 89' lang='lat' dir='ltr'>que</span> <span class='ocrx_word' id='word_1_58' title='bbox 1328 1055 1444 1142; x_wconf 87' lang='lat' dir='ltr'>leyese</span> 
     </span>
     <span class='ocr_line' id='line_1_7' title="bbox 205 1164 1444 1254; baseline 0.005 -22"><span class='ocrx_word' id='word_1_59' title='bbox 205 1164 384 1232; x_wconf 76' lang='lat' dir='ltr'>rhetonca</span> <span class='ocrx_word' id='word_1_60' title='bbox 398 1171 490 1251; x_wconf 86' lang='grc'><strong>3331,</strong></span> <span class='ocrx_word' id='word_1_61' title='bbox 508 1188 532 1253; x_wconf 89' lang='lat' dir='ltr'>y</span> <span class='ocrx_word' id='word_1_62' title='bbox 546 1168 649 1236; x_wconf 84' lang='lat' dir='ltr'>hazer</span> <span class='ocrx_word' id='word_1_63' title='bbox 664 1167 695 1233; x_wconf 90' lang='grc'>31</span> <span class='ocrx_word' id='word_1_64' title='bbox 712 1167 752 1233; x_wconf 90' lang='grc' dir='ltr'>Ρ.</span> <span class='ocrx_word' id='word_1_65' title='bbox 773 1167 885 1234; x_wconf 89' lang='lat' dir='ltr'>Pedro</span> <span class='ocrx_word' id='word_1_66' title='bbox 902 1165 1098 1235; x_wconf 85' lang='lat' dir='ltr'>coloniense</span> <span class='ocrx_word' id='word_1_67' title='bbox 1119 1169 1131 1201; x_wconf 81' lang='lat'><strong>³</strong></span> <span class='ocrx_word' id='word_1_68' title='bbox 1153 1168 1308 1254; x_wconf 83' lang='lat' dir='ltr'>superior</span> <span class='ocrx_word' id='word_1_69' title='bbox 1328 1170 1371 1236; x_wconf 89' lang='lat' dir='ltr'>de</span> <span class='ocrx_word' id='word_1_70' title='bbox 1388 1171 1444 1238; x_wconf 89' lang='lat' dir='ltr'>los</span> 
     </span>
     <span class='ocr_line' id='line_1_8' title="bbox 203 1277 1440 1370; baseline 0.004 -24"><span class='ocrx_word' id='word_1_71' title='bbox 203 1277 420 1349; x_wconf 81' lang='lat' dir='ltr'>cameristas.</span> <span class='ocrx_word' id='word_1_72' title='bbox 440 1283 598 1368; x_wconf 77' lang='lat' dir='ltr'>Despuss</span> <span class='ocrx_word' id='word_1_73' title='bbox 613 1281 656 1350; x_wconf 91' lang='lat' dir='ltr'>de</span> <span class='ocrx_word' id='word_1_74' title='bbox 672 1283 818 1350; x_wconf 89' lang='lat' dir='ltr'>hauerse</span> <span class='ocrx_word' id='word_1_75' title='bbox 833 1283 958 1347; x_wconf 90' lang='lat' dir='ltr'>mucho</span> <span class='ocrx_word' id='word_1_76' title='bbox 974 1279 1144 1366; x_wconf 85' lang='lat' dir='ltr'>ayudado,</span> <span class='ocrx_word' id='word_1_77' title='bbox 1162 1303 1260 1350; x_wconf 91' lang='lat' dir='ltr'>como</span> <span class='ocrx_word' id='word_1_78' title='bbox 1275 1290 1440 1370; x_wconf 85' lang='lat' dir='ltr'>parescla,</span> 
     </span>
     <span class='ocr_line' id='line_1_9' title="bbox 203 1396 1443 1486; baseline 0.004 -24"><span class='ocrx_word' id='word_1_79' title='bbox 203 1397 253 1462; x_wconf 88' lang='lat' dir='ltr'>ha</span> <span class='ocrx_word' id='word_1_80' title='bbox 269 1397 410 1463; x_wconf 86' lang='lat' dir='ltr'>tomado</span> <span class='ocrx_word' id='word_1_81' title='bbox 425 1398 458 1463; x_wconf 91' lang='lat' dir='ltr'>el</span> <span class='ocrx_word' id='word_1_82' title='bbox 472 1396 585 1464; x_wconf 84' lang='lat' dir='ltr'>officio</span> <span class='ocrx_word' id='word_1_83' title='bbox 599 1417 683 1483; x_wconf 86' lang='lat' dir='ltr'>muy</span> <span class='ocrx_word' id='word_1_84' title='bbox 698 1398 741 1466; x_wconf 91' lang='lat' dir='ltr'>de</span> <span class='ocrx_word' id='word_1_85' title='bbox 757 1399 871 1464; x_wconf 87' lang='lat' dir='ltr'>buena</span> <span class='ocrx_word' id='word_1_86' title='bbox 885 1417 989 1484; x_wconf 86' lang='lat' dir='ltr'>gana,</span> <span class='ocrx_word' id='word_1_87' title='bbox 1006 1417 1030 1482; x_wconf 86' lang='lat' dir='ltr'>y</span> <span class='ocrx_word' id='word_1_88' title='bbox 1049 1419 1255 1483; x_wconf 86' lang='lat' dir='ltr'>esperamos,</span> <span class='ocrx_word' id='word_1_89' title='bbox 1269 1399 1443 1486; x_wconf 63' lang='lat' dir='ltr'>fflpecial-</span> 
     </span>
     <span class='ocr_line' id='line_1_10' title="bbox 202 1509 1370 1600; baseline 0.003 -22"><span class='ocrx_word' id='word_1_90' title='bbox 202 1519 326 1580; x_wconf 85' lang='lat' dir='ltr'>mente</span> <span class='ocrx_word' id='word_1_91' title='bbox 342 1513 375 1580; x_wconf 89' lang='lat' dir='ltr'>el</span> <span class='ocrx_word' id='word_1_92' title='bbox 390 1515 453 1581; x_wconf 93' lang='lat' dir='ltr'>Dr.</span> <span class='ocrx_word' id='word_1_93' title='bbox 473 1515 627 1599; x_wconf 91' lang='lat' dir='ltr'>Lannoy,</span> <span class='ocrx_word' id='word_1_94' title='bbox 646 1534 714 1598; x_wconf 91' lang='grc'>333</span> <span class='ocrx_word' id='word_1_95' title='bbox 729 1513 764 1579; x_wconf 91' lang='grc'>13</span> <span class='ocrx_word' id='word_1_96' title='bbox 779 1515 862 1581; x_wconf 74' lang='lat' dir='ltr'>hara</span> <span class='ocrx_word' id='word_1_97' title='bbox 876 1509 969 1593; x_wconf 90' lang='lat' dir='ltr'>bien,</span> <span class='ocrx_word' id='word_1_98' title='bbox 988 1533 1011 1598; x_wconf 94' lang='lat' dir='ltr'>y</span> <span class='ocrx_word' id='word_1_99' title='bbox 1027 1534 1094 1598; x_wconf 89' lang='lat' dir='ltr'>que</span> <span class='ocrx_word' id='word_1_100' title='bbox 1110 1521 1222 1584; x_wconf 70' lang='lat' dir='ltr'>estare</span> <span class='ocrx_word' id='word_1_101' title='bbox 1242 1515 1370 1600; x_wconf 89' lang='lat' dir='ltr'>quieto.</span> 
     </span>
     <span class='ocr_line' id='line_1_11' title="bbox 275 1627 1441 1718; baseline 0.004 -22"><span class='ocrx_word' id='word_1_102' title='bbox 275 1627 392 1696; x_wconf 88' lang='lat' dir='ltr'>Todas</span> <span class='ocrx_word' id='word_1_103' title='bbox 413 1629 465 1695; x_wconf 90' lang='lat' dir='ltr'>las</span> <span class='ocrx_word' id='word_1_104' title='bbox 492 1630 636 1696; x_wconf 82' lang='lat' dir='ltr'>ordenes</span> <span class='ocrx_word' id='word_1_105' title='bbox 663 1650 686 1715; x_wconf 92' lang='lat' dir='ltr'>y</span> <span class='ocrx_word' id='word_1_106' title='bbox 712 1641 907 1716; x_wconf 82' lang='grc'><strong>3333333133</strong></span> <span class='ocrx_word' id='word_1_107' title='bbox 934 1645 1003 1714; x_wconf 85' lang='grc'>333</span> <span class='ocrx_word' id='word_1_108' title='bbox 1028 1649 1067 1698; x_wconf 88' lang='grc'>33</span> <span class='ocrx_word' id='word_1_109' title='bbox 1094 1631 1163 1696; x_wconf 91' lang='lat' dir='ltr'>han</span> <span class='ocrx_word' id='word_1_110' title='bbox 1190 1631 1278 1700; x_wconf 89' lang='lat' dir='ltr'>dado</span> <span class='ocrx_word' id='word_1_111' title='bbox 1305 1633 1441 1718; x_wconf 87' lang='lat' dir='ltr'>ytodas</span> 
     </span>
     <span class='ocr_line' id='line_1_12' title="bbox 201 1741 1515 1836; baseline 0.005 -29"><span class='ocrx_word' id='word_1_112' title='bbox 201 1741 402 1830; x_wconf 84' lang='lat' dir='ltr'>¹scripturas</span> <span class='ocrx_word' id='word_1_113' title='bbox 417 1765 503 1829; x_wconf 88' lang='lat' dir='ltr'>yran</span> <span class='ocrx_word' id='word_1_114' title='bbox 519 1764 584 1812; x_wconf 92' lang='lat' dir='ltr'>con</span> <span class='ocrx_word' id='word_1_115' title='bbox 600 1744 652 1810; x_wconf 87' lang='lat' dir='ltr'>los</span> <span class='ocrx_word' id='word_1_116' title='bbox 667 1743 772 1811; x_wconf 89' lang='lat' dir='ltr'>libros</span> <span class='ocrx_word' id='word_1_117' title='bbox 789 1743 814 1808; x_wconf 82' lang='lat'>⁴.</span> <span class='ocrx_word' id='word_1_118' title='bbox 1514 1833 1515 1836; x_wconf 8' lang='grc' dir='ltr'><strong>Ἴ</strong></span> 
     </span>
     <span class='ocr_line' id='line_1_13' title="bbox 278 1857 1443 1948; baseline 0.003 -22"><span class='ocrx_word' id='word_1_119' title='bbox 278 1877 310 1942; x_wconf 90' lang='lat'>3.</span> <span class='ocrx_word' id='word_1_120' title='bbox 360 1859 451 1926; x_wconf 91' lang='lat' dir='ltr'>Vino</span> <span class='ocrx_word' id='word_1_121' title='bbox 467 1857 604 1944; x_wconf 91' lang='lat' dir='ltr'>comigo</span> <span class='ocrx_word' id='word_1_122' title='bbox 618 1857 662 1924; x_wconf 89' lang='lat' dir='ltr'>de</span> <span class='ocrx_word' id='word_1_123' title='bbox 677 1858 888 1945; x_wconf 87' lang='lat' dir='ltr'>lngolstadio</span> <span class='ocrx_word' id='word_1_124' title='bbox 910 1857 1108 1945; x_wconf 79' lang='lat' dir='ltr'>aAugusta</span> <span class='ocrx_word' id='word_1_125' title='bbox 1128 1860 1161 1928; x_wconf 87' lang='lat' dir='ltr'>el</span> <span class='ocrx_word' id='word_1_126' title='bbox 1181 1861 1221 1928; x_wconf 90' lang='grc' dir='ltr'>Ρ.</span> <span class='ocrx_word' id='word_1_127' title='bbox 1247 1861 1401 1948; x_wconf 86' lang='lat' dir='ltr'>Larmoy,</span> <span class='ocrx_word' id='word_1_128' title='bbox 1420 1885 1443 1948; x_wconf 87' lang='lat' dir='ltr'><strong>y</strong></span> 
     </span>
     <span class='ocr_line' id='line_1_14' title="bbox 202 1970 1443 2060; baseline 0.005 -20"><span class='ocrx_word' id='word_1_129' title='bbox 202 1973 364 2060; x_wconf 90' lang='lat' dir='ltr'>aquellos</span> <span class='ocrx_word' id='word_1_130' title='bbox 381 1985 504 2059; x_wconf 90' lang='lat' dir='ltr'>quatro</span> <span class='ocrx_word' id='word_1_131' title='bbox 518 1979 540 2040; x_wconf 85' lang='grc' dir='ltr'><strong>ό</strong></span> <span class='ocrx_word' id='word_1_132' title='bbox 555 1973 653 2042; x_wconf 87' lang='grc'><strong>31333</strong></span> <span class='ocrx_word' id='word_1_133' title='bbox 668 1974 743 2042; x_wconf 90' lang='lat' dir='ltr'>dlas</span> <span class='ocrx_word' id='word_1_134' title='bbox 758 1994 826 2059; x_wconf 89' lang='lat' dir='ltr'>que</span> <span class='ocrx_word' id='word_1_135' title='bbox 841 1970 1031 2042; x_wconf 88' lang='lat' dir='ltr'>estuuimos</span> <span class='ocrx_word' id='word_1_136' title='bbox 1043 1974 1120 2054; x_wconf 78' lang='lat' dir='ltr'>alla,</span> <span class='ocrx_word' id='word_1_137' title='bbox 1138 1979 1227 2042; x_wconf 90' lang='grc'><strong>33311</strong></span> <span class='ocrx_word' id='word_1_138' title='bbox 1243 1976 1295 2042; x_wconf 89' lang='grc'>133</span> <span class='ocrx_word' id='word_1_139' title='bbox 1306 1978 1443 2046; x_wconf 86' lang='grc'><strong>333133·</strong></span> 
     </span>
     <span class='ocr_line' id='line_1_15' title="bbox 201 2087 1443 2176; baseline 0.002 -20"><span class='ocrx_word' id='word_1_140' title='bbox 201 2088 324 2158; x_wconf 85' lang='lat' dir='ltr'>siones</span> <span class='ocrx_word' id='word_1_141' title='bbox 341 2091 521 2176; x_wconf 80' lang='lat' dir='ltr'>generales</span> <span class='ocrx_word' id='word_1_142' title='bbox 535 2091 580 2158; x_wconf 90' lang='lat' dir='ltr'>de</span> <span class='ocrx_word' id='word_1_143' title='bbox 595 2091 694 2158; x_wconf 56' lang='lat' dir='ltr'>Miro</span> <span class='ocrx_word' id='word_1_144' title='bbox 709 2088 848 2156; x_wconf 86' lang='lat' dir='ltr'>Canisio</span> <span class='ocrx_word' id='word_1_145' title='bbox 863 2087 997 2174; x_wconf 69' lang='lat' dir='ltr'>yMtro</span> <span class='ocrx_word' id='word_1_146' title='bbox 1014 2091 1169 2175; x_wconf 84' lang='lat' dir='ltr'>Lannoy3</span> <span class='ocrx_word' id='word_1_147' title='bbox 1184 2091 1340 2161; x_wconf 75' lang='lat' dir='ltr'>examine</span> <span class='ocrx_word' id='word_1_148' title='bbox 1354 2103 1443 2158; x_wconf 89' lang='lat' dir='ltr'>tam-</span> 
     </span>
     <span class='ocr_line' id='line_1_16' title="bbox 201 2199 1442 2292; baseline 0.003 -21"><span class='ocrx_word' id='word_1_149' title='bbox 201 2203 288 2271; x_wconf 75' lang='lat' dir='ltr'>bien</span> <span class='ocrx_word' id='word_1_150' title='bbox 303 2225 328 2292; x_wconf 91' lang='lat' dir='ltr'>y</span> <span class='ocrx_word' id='word_1_151' title='bbox 343 2206 501 2272; x_wconf 79' lang='grc'><strong>33313333</strong></span> <span class='ocrx_word' id='word_1_152' title='bbox 516 2204 548 2271; x_wconf 88' lang='grc'>31</span> <span class='ocrx_word' id='word_1_153' title='bbox 565 2208 605 2272; x_wconf 91' lang='grc' dir='ltr'>Ρ.</span> <span class='ocrx_word' id='word_1_154' title='bbox 624 2204 821 2273; x_wconf 90' lang='lat' dir='ltr'>Guilhelmo</span> <span class='ocrx_word' id='word_1_155' title='bbox 838 2205 862 2284; x_wconf 79' lang='lat'>⁸,</span> <span class='ocrx_word' id='word_1_156' title='bbox 882 2223 949 2290; x_wconf 90' lang='lat' dir='ltr'>que</span> <span class='ocrx_word' id='word_1_157' title='bbox 965 2227 1010 2272; x_wconf 91' lang='lat' dir='ltr'>no</span> <span class='ocrx_word' id='word_1_158' title='bbox 1026 2207 1129 2272; x_wconf 82' lang='lat' dir='ltr'>hanla</span> <span class='ocrx_word' id='word_1_159' title='bbox 1144 2215 1219 2272; x_wconf 91' lang='lat' dir='ltr'>otro</span> <span class='ocrx_word' id='word_1_160' title='bbox 1231 2207 1321 2274; x_wconf 86' lang='lat' dir='ltr'>della</span> <span class='ocrx_word' id='word_1_161' title='bbox 1337 2199 1442 2275; x_wconf 87' lang='lat' dir='ltr'>Com-</span> 
     </span>
     <span class='ocr_line' id='line_1_17' title="bbox 201 2319 1443 2408; baseline 0.002 -20"><span class='ocrx_word' id='word_1_162' title='bbox 201 2326 311 2407; x_wconf 83' lang='grc'><strong>331113</strong></span> <span class='ocrx_word' id='word_1_163' title='bbox 325 2321 394 2388; x_wconf 82' lang='lat' dir='ltr'>alli.</span> <span class='ocrx_word' id='word_1_164' title='bbox 414 2321 555 2389; x_wconf 77' lang='lat' dir='ltr'>Ordene</span> <span class='ocrx_word' id='word_1_165' title='bbox 571 2323 713 2388; x_wconf 77' lang='lat' dir='ltr'>muchas</span> <span class='ocrx_word' id='word_1_166' title='bbox 733 2340 843 2408; x_wconf 82' lang='lat' dir='ltr'>cosas,</span> <span class='ocrx_word' id='word_1_167' title='bbox 867 2319 917 2387; x_wconf 88' lang='lat' dir='ltr'>las</span> <span class='ocrx_word' id='word_1_168' title='bbox 938 2323 1056 2407; x_wconf 89' lang='lat' dir='ltr'>quales</span> <span class='ocrx_word' id='word_1_169' title='bbox 1076 2327 1177 2389; x_wconf 76' lang='lat' dir='ltr'>seran</span> <span class='ocrx_word' id='word_1_170' title='bbox 1197 2341 1263 2388; x_wconf 91' lang='lat' dir='ltr'>con</span> <span class='ocrx_word' id='word_1_171' title='bbox 1284 2323 1333 2388; x_wconf 89' lang='lat' dir='ltr'>las</span> <span class='ocrx_word' id='word_1_172' title='bbox 1349 2332 1443 2390; x_wconf 89' lang='lat' dir='ltr'>otras</span> 
     </span>
     <span class='ocr_line' id='line_1_18' title="bbox 199 2434 1443 2522; baseline 0.003 -20"><span class='ocrx_word' id='word_1_173' title='bbox 199 2434 407 2522; x_wconf 85' lang='lat' dir='ltr'>scripturas,</span> <span class='ocrx_word' id='word_1_174' title='bbox 425 2457 449 2520; x_wconf 87' lang='lat' dir='ltr'>y</span> <span class='ocrx_word' id='word_1_175' title='bbox 464 2436 498 2502; x_wconf 93' lang='lat' dir='ltr'>lo</span> <span class='ocrx_word' id='word_1_176' title='bbox 513 2435 680 2522; x_wconf 90' lang='lat' dir='ltr'>principal</span> <span class='ocrx_word' id='word_1_177' title='bbox 696 2435 754 2503; x_wconf 81' lang='grc'>133</span> <span class='ocrx_word' id='word_1_178' title='bbox 769 2443 856 2502; x_wconf 89' lang='lat' dir='ltr'>esto:</span> <span class='ocrx_word' id='word_1_179' title='bbox 874 2457 942 2521; x_wconf 86' lang='lat' dir='ltr'>que</span> <span class='ocrx_word' id='word_1_180' title='bbox 958 2438 990 2505; x_wconf 87' lang='lat' dir='ltr'>el</span> <span class='ocrx_word' id='word_1_181' title='bbox 1007 2439 1048 2503; x_wconf 92' lang='grc' dir='ltr'>Ρ.</span> <span class='ocrx_word' id='word_1_182' title='bbox 1067 2435 1207 2504; x_wconf 88' lang='lat' dir='ltr'>Canisio</span> <span class='ocrx_word' id='word_1_183' title='bbox 1227 2459 1272 2504; x_wconf 94' lang='lat' dir='ltr'>no</span> <span class='ocrx_word' id='word_1_184' title='bbox 1288 2437 1443 2506; x_wconf 85' lang='grc'><strong>13313333</strong></span> 
     </span>
     <span class='ocr_line' id='line_1_19' title="bbox 197 2549 1516 2640; baseline 0.002 -22"><span class='ocrx_word' id='word_1_185' title='bbox 197 2573 248 2618; x_wconf 90' lang='grc'>33</span> <span class='ocrx_word' id='word_1_186' title='bbox 264 2572 347 2620; x_wconf 88' lang='lat' dir='ltr'>casa</span> <span class='ocrx_word' id='word_1_187' title='bbox 362 2549 438 2618; x_wconf 90' lang='lat' dir='ltr'>sino</span> <span class='ocrx_word' id='word_1_188' title='bbox 455 2569 618 2637; x_wconf 82' lang='lat' dir='ltr'>personas</span> <span class='ocrx_word' id='word_1_189' title='bbox 633 2552 678 2618; x_wconf 89' lang='lat' dir='ltr'>de</span> <span class='ocrx_word' id='word_1_190' title='bbox 693 2552 726 2618; x_wconf 89' lang='lat' dir='ltr'>la</span> <span class='ocrx_word' id='word_1_191' title='bbox 742 2552 941 2640; x_wconf 80' lang='lat' dir='ltr'>Compania3</span> <span class='ocrx_word' id='word_1_192' title='bbox 961 2573 1092 2639; x_wconf 86' lang='lat' dir='ltr'>porque</span> <span class='ocrx_word' id='word_1_193' title='bbox 1106 2553 1196 2620; x_wconf 87' lang='lat' dir='ltr'>vltra</span> <span class='ocrx_word' id='word_1_194' title='bbox 1211 2555 1254 2620; x_wconf 88' lang='lat' dir='ltr'>de</span> <span class='ocrx_word' id='word_1_195' title='bbox 1270 2564 1363 2620; x_wconf 88' lang='lat' dir='ltr'>otras</span> <span class='ocrx_word' id='word_1_196' title='bbox 1380 2573 1444 2620; x_wconf 91' lang='lat' dir='ltr'>co·</span> <span class='ocrx_word' id='word_1_197' title='bbox 1508 2623 1516 2638; x_wconf 64' lang='grc'><strong>,</strong></span> 
     </span>
    </p>
   </div>
   <div class='ocr_carea' id='block_1_3' title="bbox 200 2665 1444 2986">
    <p class='ocr_par' dir='ltr' id='par_1_3' title="bbox 200 2665 1444 2986">
     <span class='ocr_line' id='line_1_20' title="bbox 202 2665 1442 2754; baseline -0.001 -19"><span class='ocrx_word' id='word_1_198' title='bbox 202 2689 275 2748; x_wconf 85' lang='lat' dir='ltr'>sas,</span> <span class='ocrx_word' id='word_1_199' title='bbox 294 2689 352 2736; x_wconf 90' lang='lat' dir='ltr'>me</span> <span class='ocrx_word' id='word_1_200' title='bbox 363 2665 500 2754; x_wconf 73' lang='lat' dir='ltr'>parecid</span> <span class='ocrx_word' id='word_1_201' title='bbox 515 2689 571 2734; x_wconf 88' lang='lat' dir='ltr'>ser</span> <span class='ocrx_word' id='word_1_202' title='bbox 585 2665 851 2735; x_wconf 88' lang='lat' dir='ltr'>inconueniente</span> <span class='ocrx_word' id='word_1_203' title='bbox 867 2688 913 2733; x_wconf 93' lang='lat' dir='ltr'>no</span> <span class='ocrx_word' id='word_1_204' title='bbox 928 2677 1098 2754; x_wconf 85' lang='grc'><strong>33333113,</strong></span> <span class='ocrx_word' id='word_1_205' title='bbox 1112 2678 1211 2735; x_wconf 88' lang='lat' dir='ltr'>tener</span> <span class='ocrx_word' id='word_1_206' title='bbox 1225 2667 1442 2738; x_wconf 81' lang='lat' dir='ltr'>secretarioo</span> 
     </span>
     <span class='ocr_line' id='line_1_21' title="bbox 200 2782 1444 2870; baseline 0.003 -20"><span class='ocrx_word' id='word_1_207' title='bbox 200 2783 438 2870; x_wconf 87' lang='lat' dir='ltr'>scriptorque</span> <span class='ocrx_word' id='word_1_208' title='bbox 453 2805 500 2850; x_wconf 92' lang='lat' dir='ltr'>no</span> <span class='ocrx_word' id='word_1_209' title='bbox 516 2804 576 2850; x_wconf 88' lang='lat' dir='ltr'>sea</span> <span class='ocrx_word' id='word_1_210' title='bbox 592 2783 635 2850; x_wconf 89' lang='lat' dir='ltr'>de</span> <span class='ocrx_word' id='word_1_211' title='bbox 650 2783 684 2848; x_wconf 92' lang='lat' dir='ltr'>la</span> <span class='ocrx_word' id='word_1_212' title='bbox 699 2782 901 2870; x_wconf 75' lang='lat' dir='ltr'>Compartla3</span> <span class='ocrx_word' id='word_1_213' title='bbox 920 2805 944 2869; x_wconf 91' lang='lat' dir='ltr'>y</span> <span class='ocrx_word' id='word_1_214' title='bbox 960 2788 1034 2852; x_wconf 88' lang='lat' dir='ltr'>ansl</span> <span class='ocrx_word' id='word_1_215' title='bbox 1050 2782 1193 2852; x_wconf 90' lang='lat' dir='ltr'>hizimos</span> <span class='ocrx_word' id='word_1_216' title='bbox 1210 2783 1307 2852; x_wconf 92' lang='lat' dir='ltr'>venir</span> <span class='ocrx_word' id='word_1_217' title='bbox 1327 2784 1384 2851; x_wconf 87' lang='grc'><strong>3111</strong></span> <span class='ocrx_word' id='word_1_218' title='bbox 1400 2784 1444 2854; x_wconf 90' lang='lat' dir='ltr'>de</span> 
     </span>
     <span class='ocr_line' id='line_1_22' title="bbox 202 2897 1443 2986; baseline 0.001 -19"><span class='ocrx_word' id='word_1_219' title='bbox 202 2897 407 2979; x_wconf 85' lang='lat' dir='ltr'>Monachio,</span> <span class='ocrx_word' id='word_1_220' title='bbox 425 2898 578 2985; x_wconf 86' lang='lat' dir='ltr'>prouista</span> <span class='ocrx_word' id='word_1_221' title='bbox 594 2901 605 2935; x_wconf 79' lang='lat'>⁸</span> <span class='ocrx_word' id='word_1_222' title='bbox 624 2920 685 2984; x_wconf 93' lang='lat' dir='ltr'>por</span> <span class='ocrx_word' id='word_1_223' title='bbox 702 2897 808 2966; x_wconf 88' lang='lat' dir='ltr'>orden</span> <span class='ocrx_word' id='word_1_224' title='bbox 828 2898 872 2965; x_wconf 89' lang='lat' dir='ltr'>de</span> <span class='ocrx_word' id='word_1_225' title='bbox 894 2899 1046 2966; x_wconf 75' lang='lat' dir='ltr'>medicos</span> <span class='ocrx_word' id='word_1_226' title='bbox 1062 2900 1094 2966; x_wconf 87' lang='lat' dir='ltr'>la</span> <span class='ocrx_word' id='word_1_227' title='bbox 1110 2898 1357 2985; x_wconf 83' lang='lat' dir='ltr'>preseruation,</span> <span class='ocrx_word' id='word_1_228' title='bbox 1381 2921 1443 2986; x_wconf 91' lang='lat' dir='ltr'>por</span> 
     </span>
    </p>
   </div>
   <div class='ocr_carea' id='block_1_4' title="bbox 134 3039 1442 4730">
    <p class='ocr_par' dir='ltr' id='par_1_4' title="bbox 134 3039 1442 3643">
     <span class='ocr_line' id='line_1_23' title="bbox 134 3039 1442 3121; baseline 0.002 -16"><span class='ocrx_word' id='word_1_229' title='bbox 134 3039 140 3052; x_wconf 84' lang='grc'><strong>”</strong></span> <span class='ocrx_word' id='word_1_230' title='bbox 203 3068 274 3105; x_wconf 86' lang='lat' dir='ltr'>mus</span> <span class='ocrx_word' id='word_1_231' title='bbox 288 3049 404 3105; x_wconf 86' lang='lat' dir='ltr'>Natalis</span> <span class='ocrx_word' id='word_1_232' title='bbox 421 3049 505 3104; x_wconf 91' lang='lat' dir='ltr'>venit</span> <span class='ocrx_word' id='word_1_233' title='bbox 522 3047 736 3120; x_wconf 86' lang='lat' dir='ltr'>Ingolstadium</span> <span class='ocrx_word' id='word_1_234' title='bbox 757 3049 929 3105; x_wconf 80' lang='lat' dir='ltr'>visitaturus</span> <span class='ocrx_word' id='word_1_235' title='bbox 949 3049 1107 3121; x_wconf 84' lang='lat' dir='ltr'>collegium</span> <span class='ocrx_word' id='word_1_236' title='bbox 1129 3051 1184 3106; x_wconf 90' lang='lat' dir='ltr'>hoc</span> <span class='ocrx_word' id='word_1_237' title='bbox 1202 3047 1328 3107; x_wconf 87' lang='lat' dir='ltr'>nominis</span> <span class='ocrx_word' id='word_1_238' title='bbox 1347 3053 1442 3107; x_wconf 88' lang='lat' dir='ltr'>sancti</span> 
     </span>
     <span class='ocr_line' id='line_1_24' title="bbox 203 3133 1442 3213; baseline 0.002 -17"><span class='ocrx_word' id='word_1_239' title='bbox 203 3141 293 3212; x_wconf 86' lang='lat' dir='ltr'>Jesu,</span> <span class='ocrx_word' id='word_1_240' title='bbox 312 3139 414 3213; x_wconf 89' lang='lat' dir='ltr'>inquo</span> <span class='ocrx_word' id='word_1_241' title='bbox 427 3139 548 3210; x_wconf 85' lang='lat' dir='ltr'>negotio</span> <span class='ocrx_word' id='word_1_242' title='bbox 560 3133 721 3211; x_wconf 81' lang='lat' dir='ltr'>occupatus</span> <span class='ocrx_word' id='word_1_243' title='bbox 734 3139 844 3194; x_wconf 88' lang='lat' dir='ltr'>mansit</span> <span class='ocrx_word' id='word_1_244' title='bbox 857 3152 887 3193; x_wconf 91' lang='lat'>11</span> <span class='ocrx_word' id='word_1_245' title='bbox 902 3138 966 3194; x_wconf 89' lang='lat' dir='ltr'>dies</span> <span class='ocrx_word' id='word_1_246' title='bbox 980 3139 1442 3212; x_wconf 69' lang='grc'><strong>3133131333.93113333313113,</strong></span> 
     </span>
     <span class='ocr_line' id='line_1_25' title="bbox 202 3226 1441 3302; baseline -0.001 -16"><span class='ocrx_word' id='word_1_247' title='bbox 202 3230 410 3302; x_wconf 82' lang='lat' dir='ltr'>Lanspergam</span> <span class='ocrx_word' id='word_1_248' title='bbox 423 3227 460 3284; x_wconf 90' lang='lat' dir='ltr'>ad</span> <span class='ocrx_word' id='word_1_249' title='bbox 472 3228 606 3284; x_wconf 89' lang='lat' dir='ltr'>dominos</span> <span class='ocrx_word' id='word_1_250' title='bbox 618 3227 801 3284; x_wconf 86' lang='lat' dir='ltr'>consiliarios</span> <span class='ocrx_word' id='word_1_251' title='bbox 815 3227 902 3283; x_wconf 89' lang='lat' dir='ltr'>lllmi.</span> <span class='ocrx_word' id='word_1_252' title='bbox 916 3226 1000 3284; x_wconf 75' lang='lat' dir='ltr'>&lt;lucis</span> <span class='ocrx_word' id='word_1_253' title='bbox 1013 3228 1174 3300; x_wconf 85' lang='lat' dir='ltr'>profectus,</span> <span class='ocrx_word' id='word_1_254' title='bbox 1184 3227 1342 3285; x_wconf 82' lang='lat' dir='ltr'>comitibus</span> <span class='ocrx_word' id='word_1_255' title='bbox 1355 3230 1441 3286; x_wconf 90' lang='lat' dir='ltr'>Cani-</span> 
     </span>
     <span class='ocr_line' id='line_1_26' title="bbox 201 3315 1442 3392; baseline -0.001 -17"><span class='ocrx_word' id='word_1_256' title='bbox 201 3319 250 3375; x_wconf 78' lang='lat' dir='ltr'>sio</span> <span class='ocrx_word' id='word_1_257' title='bbox 263 3317 441 3391; x_wconf 87' lang='lat' dir='ltr'>prouinciali</span> <span class='ocrx_word' id='word_1_258' title='bbox 453 3315 631 3373; x_wconf 77' lang='lat' dir='ltr'>Germaniae</span> <span class='ocrx_word' id='word_1_259' title='bbox 643 3321 674 3373; x_wconf 82' lang='grc'>31</span> <span class='ocrx_word' id='word_1_260' title='bbox 686 3317 807 3389; x_wconf 89' lang='lat' dir='ltr'>Lanoyo</span> <span class='ocrx_word' id='word_1_261' title='bbox 821 3325 935 3374; x_wconf 89' lang='lat' dir='ltr'>rectore</span> <span class='ocrx_word' id='word_1_262' title='bbox 948 3317 1035 3372; x_wconf 87' lang='lat' dir='ltr'>huius</span> <span class='ocrx_word' id='word_1_263' title='bbox 1052 3318 1171 3389; x_wconf 90' lang='lat' dir='ltr'>collegii</span> <span class='ocrx_word' id='word_1_264' title='bbox 1189 3316 1442 3392; x_wconf 76' lang='lat' dir='ltr'>ingolstadiensis,</span> 
     </span>
     <span class='ocr_line' id='line_1_27' title="bbox 200 3404 1441 3480; baseline 0.001 -17"><span class='ocrx_word' id='word_1_265' title='bbox 200 3415 234 3463; x_wconf 86' lang='lat' dir='ltr'>et</span> <span class='ocrx_word' id='word_1_266' title='bbox 247 3408 320 3463; x_wconf 90' lang='lat' dir='ltr'>inde</span> <span class='ocrx_word' id='word_1_267' title='bbox 330 3406 542 3480; x_wconf 85' lang='lat' dir='ltr'>Oenipontum,</span> <span class='ocrx_word' id='word_1_268' title='bbox 555 3405 650 3477; x_wconf 85' lang='lat' dir='ltr'>gratia</span> <span class='ocrx_word' id='word_1_269' title='bbox 664 3404 803 3461; x_wconf 84' lang='lat' dir='ltr'>visitandi</span> <span class='ocrx_word' id='word_1_270' title='bbox 817 3405 881 3461; x_wconf 90' lang='lat' dir='ltr'>eius</span> <span class='ocrx_word' id='word_1_271' title='bbox 893 3406 1024 3477; x_wconf 84' lang='lat' dir='ltr'>collegii,</span> <span class='ocrx_word' id='word_1_272' title='bbox 1038 3405 1180 3479; x_wconf 81' lang='lat' dir='ltr'>perrexit3</span> <span class='ocrx_word' id='word_1_273' title='bbox 1195 3413 1225 3462; x_wconf 89' lang='lat' dir='ltr'>et</span> <span class='ocrx_word' id='word_1_274' title='bbox 1238 3407 1361 3464; x_wconf 89' lang='lat' dir='ltr'>ulterius</span> <span class='ocrx_word' id='word_1_275' title='bbox 1378 3408 1441 3464; x_wconf 89' lang='lat' dir='ltr'>Tri-</span> 
     </span>
     <span class='ocr_line' id='line_1_28' title="bbox 198 3495 1441 3568; baseline 0 -16"><span class='ocrx_word' id='word_1_276' title='bbox 198 3497 330 3552; x_wconf 83' lang='lat' dir='ltr'>dentum</span> <span class='ocrx_word' id='word_1_277' title='bbox 340 3495 378 3552; x_wconf 85' lang='lat' dir='ltr'>ad</span> <span class='ocrx_word' id='word_1_278' title='bbox 391 3497 509 3552; x_wconf 86' lang='lat' dir='ltr'>Patrem</span> <span class='ocrx_word' id='word_1_279' title='bbox 522 3496 837 3566; x_wconf 82' lang='lat' dir='ltr'>nostrumgeneralem</span> <span class='ocrx_word' id='word_1_280' title='bbox 855 3495 1029 3566; x_wconf 84' lang='lat' dir='ltr'>magistrum</span> <span class='ocrx_word' id='word_1_281' title='bbox 1053 3497 1196 3568; x_wconf 84' lang='lat' dir='ltr'>Jacobum</span> <span class='ocrx_word' id='word_1_282' title='bbox 1214 3497 1393 3568; x_wconf 89' lang='lat' dir='ltr'>Laynesium</span> <span class='ocrx_word' id='word_1_283' title='bbox 1411 3497 1441 3552; x_wconf 89' lang='lat' dir='ltr'>in</span> 
     </span>
     <span class='ocr_line' id='line_1_29' title="bbox 199 3587 530 3643; baseline -0.012 -1"><span class='ocrx_word' id='word_1_284' title='bbox 199 3587 334 3643; x_wconf 87' lang='lat' dir='ltr'>concilio</span> <span class='ocrx_word' id='word_1_285' title='bbox 347 3592 530 3642; x_wconf 82' lang='lat' dir='ltr'>versantem.</span> 
     </span>
    </p>

    <p class='ocr_par' dir='ltr' id='par_1_5' title="bbox 201 3666 1441 4012">
     <span class='ocr_line' id='line_1_30' title="bbox 258 3666 1440 3746; baseline -0.003 -16"><span class='ocrx_word' id='word_1_286' title='bbox 258 3675 345 3731; x_wconf 87' lang='lat' dir='ltr'>Tunc</span> <span class='ocrx_word' id='word_1_287' title='bbox 357 3675 389 3730; x_wconf 89' lang='lat' dir='ltr'>in</span> <span class='ocrx_word' id='word_1_288' title='bbox 401 3673 530 3745; x_wconf 85' lang='lat' dir='ltr'>collegio</span> <span class='ocrx_word' id='word_1_289' title='bbox 542 3673 597 3729; x_wconf 87' lang='lat' dir='ltr'>boc</span> <span class='ocrx_word' id='word_1_290' title='bbox 614 3674 870 3730; x_wconf 85' lang='lat' dir='ltr'>commorabantur</span> <span class='ocrx_word' id='word_1_291' title='bbox 889 3673 920 3742; x_wconf 92' lang='lat' dir='ltr'>ii,</span> <span class='ocrx_word' id='word_1_292' title='bbox 938 3666 1062 3746; x_wconf 82' lang='lat' dir='ltr'>quorum</span> <span class='ocrx_word' id='word_1_293' title='bbox 1079 3674 1197 3730; x_wconf 86' lang='lat' dir='ltr'>nomina</span> <span class='ocrx_word' id='word_1_294' title='bbox 1214 3673 1440 3731; x_wconf 79' lang='lat' dir='ltr'>subiiciuntur.»</span> 
     </span>
     <span class='ocr_line' id='line_1_31' title="bbox 202 3761 1440 3838; baseline -0.001 -18"><span class='ocrx_word' id='word_1_295' title='bbox 202 3763 350 3838; x_wconf 79' lang='lat' dir='ltr'>Sequitur</span> <span class='ocrx_word' id='word_1_296' title='bbox 361 3765 526 3835; x_wconf 79' lang='lat' dir='ltr'>catalogus,</span> <span class='ocrx_word' id='word_1_297' title='bbox 537 3761 588 3818; x_wconf 84' lang='lat' dir='ltr'>fol.</span> <span class='ocrx_word' id='word_1_298' title='bbox 604 3775 651 3817; x_wconf 90' lang='lat'>22.</span> <span class='ocrx_word' id='word_1_299' title='bbox 668 3764 776 3818; x_wconf 86' lang='lat' dir='ltr'>Postea</span> <span class='ocrx_word' id='word_1_300' title='bbox 792 3765 849 3818; x_wconf 89' lang='lat' dir='ltr'>sub</span> <span class='ocrx_word' id='word_1_301' title='bbox 865 3764 921 3819; x_wconf 90' lang='lat' dir='ltr'>hoc</span> <span class='ocrx_word' id='word_1_302' title='bbox 940 3763 1040 3818; x_wconf 88' lang='lat' dir='ltr'>titulo:</span> <span class='ocrx_word' id='word_1_303' title='bbox 1055 3765 1157 3835; x_wconf 77' lang='lat' dir='ltr'>«Quae</span> <span class='ocrx_word' id='word_1_304' title='bbox 1176 3762 1251 3819; x_wconf 86' lang='lat' dir='ltr'>dixit</span> <span class='ocrx_word' id='word_1_305' title='bbox 1268 3764 1302 3819; x_wconf 91' lang='lat' dir='ltr'>P.</span> <span class='ocrx_word' id='word_1_306' title='bbox 1325 3764 1440 3820; x_wconf 89' lang='lat' dir='ltr'>Natalis</span> 
     </span>
     <span class='ocr_line' id='line_1_32' title="bbox 202 3851 1441 3926; baseline 0.002 -18"><span class='ocrx_word' id='word_1_307' title='bbox 202 3869 258 3926; x_wconf 80' lang='lat' dir='ltr'>pro</span> <span class='ocrx_word' id='word_1_308' title='bbox 271 3852 400 3925; x_wconf 81' lang='lat' dir='ltr'>collegio</span> <span class='ocrx_word' id='word_1_309' title='bbox 413 3851 650 3924; x_wconf 79' lang='lat' dir='ltr'>ingolstadiensi,</span> <span class='ocrx_word' id='word_1_310' title='bbox 669 3852 749 3921; x_wconf 86' lang='lat'>1562,</span> <span class='ocrx_word' id='word_1_311' title='bbox 763 3869 865 3907; x_wconf 90' lang='lat' dir='ltr'>mense</span> <span class='ocrx_word' id='word_1_312' title='bbox 882 3853 1062 3908; x_wconf 84' lang='lat' dir='ltr'>Nouembri»</span> <span class='ocrx_word' id='word_1_313' title='bbox 1080 3854 1227 3908; x_wconf 86' lang='lat' dir='ltr'>habentur</span> <span class='ocrx_word' id='word_1_314' title='bbox 1241 3852 1441 3910; x_wconf 83' lang='lat' dir='ltr'>ordinationes</span> 
     </span>
     <span class='ocr_line' id='line_1_33' title="bbox 201 3938 933 4012; baseline -0.005 -14"><span class='ocrx_word' id='word_1_315' title='bbox 201 3951 236 3999; x_wconf 84' lang='lat' dir='ltr'>et</span> <span class='ocrx_word' id='word_1_316' title='bbox 249 3942 364 3998; x_wconf 82' lang='lat' dir='ltr'>monita</span> <span class='ocrx_word' id='word_1_317' title='bbox 376 3941 421 3997; x_wconf 91' lang='lat' dir='ltr'>illi</span> <span class='ocrx_word' id='word_1_318' title='bbox 432 3940 560 4011; x_wconf 84' lang='lat' dir='ltr'>collegio</span> <span class='ocrx_word' id='word_1_319' title='bbox 572 3941 611 3996; x_wconf 88' lang='lat' dir='ltr'>ab</span> <span class='ocrx_word' id='word_1_320' title='bbox 624 3938 689 4012; x_wconf 90' lang='lat' dir='ltr'>ipso</span> <span class='ocrx_word' id='word_1_321' title='bbox 701 3939 801 3996; x_wconf 87' lang='lat' dir='ltr'>Natali</span> <span class='ocrx_word' id='word_1_322' title='bbox 813 3939 933 3995; x_wconf 85' lang='lat' dir='ltr'>tradita.</span> 
     </span>
    </p>

    <p class='ocr_par' dir='ltr' id='par_1_6' title="bbox 260 4028 1088 4102">
     <span class='ocr_line' id='line_1_34' title="bbox 260 4028 1088 4102; baseline -0.002 -15"><span class='ocrx_word' id='word_1_323' title='bbox 260 4036 271 4067; x_wconf 85' lang='lat'><strong>¹</strong></span> <span class='ocrx_word' id='word_1_324' title='bbox 308 4029 482 4088; x_wconf 78' lang='lat' dir='ltr'>&#39;lbeodorus</span> <span class='ocrx_word' id='word_1_325' title='bbox 494 4029 646 4101; x_wconf 86' lang='lat' dir='ltr'>Peltanus,</span> <span class='ocrx_word' id='word_1_326' title='bbox 659 4028 697 4084; x_wconf 89' lang='lat' dir='ltr'>de</span> <span class='ocrx_word' id='word_1_327' title='bbox 710 4046 768 4102; x_wconf 90' lang='lat' dir='ltr'>qno</span> <span class='ocrx_word' id='word_1_328' title='bbox 781 4029 849 4084; x_wconf 88' lang='lat' dir='ltr'>vide</span> <span class='ocrx_word' id='word_1_329' title='bbox 863 4029 1007 4102; x_wconf 76' lang='lat' dir='ltr'>append,</span> <span class='ocrx_word' id='word_1_330' title='bbox 1022 4048 1051 4085; x_wconf 90' lang='grc'>3.</span> <span class='ocrx_word' id='word_1_331' title='bbox 1066 4030 1088 4085; x_wconf 86' lang='grc' dir='ltr'><strong>Ι.</strong></span> 
     </span>
    </p>

    <p class='ocr_par' dir='ltr' id='par_1_7' title="bbox 259 4117 1274 4192">
     <span class='ocr_line' id='line_1_35' title="bbox 259 4117 1274 4192; baseline -0.005 -14"><span class='ocrx_word' id='word_1_332' title='bbox 259 4125 272 4156; x_wconf 76' lang='lat'>²</span> <span class='ocrx_word' id='word_1_333' title='bbox 309 4119 461 4192; x_wconf 79' lang='lat' dir='ltr'>Georgius</span> <span class='ocrx_word' id='word_1_334' title='bbox 473 4119 596 4191; x_wconf 87' lang='lat' dir='ltr'>Crispus</span> <span class='ocrx_word' id='word_1_335' title='bbox 609 4117 657 4187; x_wconf 75' lang='lat'>0).</span> <span class='ocrx_word' id='word_1_336' title='bbox 676 4117 751 4174; x_wconf 87' lang='lat' dir='ltr'>Vide</span> <span class='ocrx_word' id='word_1_337' title='bbox 764 4118 852 4190; x_wconf 86' lang='lat' dir='ltr'>hujus</span> <span class='ocrx_word' id='word_1_338' title='bbox 865 4136 990 4174; x_wconf 89' lang='lat' dir='ltr'>examen</span> <span class='ocrx_word' id='word_1_339' title='bbox 1003 4119 1033 4174; x_wconf 91' lang='lat' dir='ltr'>in</span> <span class='ocrx_word' id='word_1_340' title='bbox 1047 4120 1192 4191; x_wconf 76' lang='lat' dir='ltr'>append,</span> <span class='ocrx_word' id='word_1_341' title='bbox 1205 4136 1235 4173; x_wconf 90' lang='grc'>3.</span> <span class='ocrx_word' id='word_1_342' title='bbox 1250 4119 1274 4174; x_wconf 93' lang='lat'>1.</span> 
     </span>
    </p>

    <p class='ocr_par' dir='ltr' id='par_1_8' title="bbox 259 4208 1170 4282">
     <span class='ocr_line' id='line_1_36' title="bbox 259 4208 1170 4282; baseline -0.005 -15"><span class='ocrx_word' id='word_1_343' title='bbox 259 4212 272 4244; x_wconf 85' lang='lat'><strong>³</strong></span> <span class='ocrx_word' id='word_1_344' title='bbox 307 4211 416 4266; x_wconf 85' lang='lat' dir='ltr'>Petrus</span> <span class='ocrx_word' id='word_1_345' title='bbox 429 4210 541 4282; x_wconf 87' lang='lat' dir='ltr'>Haupt,</span> <span class='ocrx_word' id='word_1_346' title='bbox 554 4208 592 4264; x_wconf 92' lang='lat' dir='ltr'>de</span> <span class='ocrx_word' id='word_1_347' title='bbox 605 4209 706 4281; x_wconf 89' lang='lat' dir='ltr'>quoin</span> <span class='ocrx_word' id='word_1_348' title='bbox 719 4208 809 4280; x_wconf 88' lang='lat' dir='ltr'>epist.</span> <span class='ocrx_word' id='word_1_349' title='bbox 828 4221 892 4278; x_wconf 84' lang='lat'>205,</span> <span class='ocrx_word' id='word_1_350' title='bbox 906 4227 936 4264; x_wconf 90' lang='grc'>3.</span> <span class='ocrx_word' id='word_1_351' title='bbox 951 4222 979 4279; x_wconf 91' lang='lat'>2,</span> <span class='ocrx_word' id='word_1_352' title='bbox 992 4226 1059 4264; x_wconf 91' lang='lat' dir='ltr'>cum</span> <span class='ocrx_word' id='word_1_353' title='bbox 1070 4216 1170 4264; x_wconf 87' lang='grc'><strong>33331.</strong></span> 
     </span>
    </p>

    <p class='ocr_par' dir='ltr' id='par_1_9' title="bbox 198 4296 1436 4452">
     <span class='ocr_line' id='line_1_37' title="bbox 258 4296 1436 4373; baseline 0.001 -18"><span class='ocrx_word' id='word_1_354' title='bbox 258 4302 271 4334; x_wconf 80' lang='lat'>⁴</span> <span class='ocrx_word' id='word_1_355' title='bbox 306 4299 372 4355; x_wconf 88' lang='lat' dir='ltr'>Hae</span> <span class='ocrx_word' id='word_1_356' title='bbox 388 4297 509 4373; x_wconf 89' lang='lat' dir='ltr'>quidem</span> <span class='ocrx_word' id='word_1_357' title='bbox 538 4297 738 4353; x_wconf 87' lang='lat' dir='ltr'>ordinationes</span> <span class='ocrx_word' id='word_1_358' title='bbox 761 4304 791 4352; x_wconf 97' lang='lat' dir='ltr'>et</span> <span class='ocrx_word' id='word_1_359' title='bbox 812 4297 1022 4354; x_wconf 83' lang='lat' dir='ltr'>instructiones</span> <span class='ocrx_word' id='word_1_360' title='bbox 1045 4304 1235 4354; x_wconf 87' lang='lat' dir='ltr'>asservantur</span> <span class='ocrx_word' id='word_1_361' title='bbox 1256 4296 1287 4354; x_wconf 89' lang='lat' dir='ltr'>in</span> <span class='ocrx_word' id='word_1_362' title='bbox 1312 4297 1385 4354; x_wconf 76' lang='lat' dir='ltr'>Coti.</span> <span class='ocrx_word' id='word_1_363' title='bbox 1408 4303 1436 4366; x_wconf 82' lang='lat' dir='ltr'>o,</span> 
     </span>
     <span class='ocr_line' id='line_1_38' title="bbox 198 4385 731 4452; baseline -0.009 -6"><span class='ocrx_word' id='word_1_364' title='bbox 198 4387 310 4446; x_wconf 76' lang='lat' dir='ltr'>Natat.</span> <span class='ocrx_word' id='word_1_365' title='bbox 324 4390 415 4445; x_wconf 62' lang='lat' dir='ltr'>inor.</span> <span class='ocrx_word' id='word_1_366' title='bbox 431 4385 549 4452; x_wconf 70' lang='lat' dir='ltr'>Germ„</span> <span class='ocrx_word' id='word_1_367' title='bbox 560 4386 591 4442; x_wconf 83' lang='lat' dir='ltr'>ff.</span> <span class='ocrx_word' id='word_1_368' title='bbox 603 4385 685 4441; x_wconf 83' lang='lat'><em>22-28</em></span> <span class='ocrx_word' id='word_1_369' title='bbox 698 4405 731 4442; x_wconf 84' lang='lat' dir='ltr'>v.</span> 
     </span>
    </p>

    <p class='ocr_par' dir='ltr' id='par_1_10' title="bbox 201 4475 1438 4642">
     <span class='ocr_line' id='line_1_39' title="bbox 258 4475 1438 4551; baseline 0.003 -19"><span class='ocrx_word' id='word_1_370' title='bbox 258 4479 271 4513; x_wconf 84' lang='lat'>⁵</span> <span class='ocrx_word' id='word_1_371' title='bbox 306 4477 345 4532; x_wconf 87' lang='lat' dir='ltr'>P.</span> <span class='ocrx_word' id='word_1_372' title='bbox 364 4477 543 4534; x_wconf 89' lang='lat' dir='ltr'>Guilielmus</span> <span class='ocrx_word' id='word_1_373' title='bbox 556 4475 695 4545; x_wconf 85' lang='lat' dir='ltr'>Elder&#39;en,</span> <span class='ocrx_word' id='word_1_374' title='bbox 713 4475 798 4549; x_wconf 83' lang='lat' dir='ltr'>cujus</span> <span class='ocrx_word' id='word_1_375' title='bbox 811 4495 937 4533; x_wconf 85' lang='lat' dir='ltr'>examen</span> <span class='ocrx_word' id='word_1_376' title='bbox 949 4477 1042 4533; x_wconf 87' lang='lat' dir='ltr'>habes</span> <span class='ocrx_word' id='word_1_377' title='bbox 1054 4477 1086 4533; x_wconf 87' lang='grc'>13</span> <span class='ocrx_word' id='word_1_378' title='bbox 1098 4477 1239 4551; x_wconf 77' lang='lat' dir='ltr'>append,</span> <span class='ocrx_word' id='word_1_379' title='bbox 1253 4495 1282 4534; x_wconf 92' lang='lat' dir='ltr'>n.</span> <span class='ocrx_word' id='word_1_380' title='bbox 1298 4479 1324 4535; x_wconf 92' lang='lat'>1.</span> <span class='ocrx_word' id='word_1_381' title='bbox 1343 4479 1390 4535; x_wconf 84' lang='lat' dir='ltr'>De</span> <span class='ocrx_word' id='word_1_382' title='bbox 1401 4496 1438 4536; x_wconf 89' lang='lat' dir='ltr'>eo</span> 
     </span>
     <span class='ocr_line' id='line_1_40' title="bbox 201 4565 1105 4642; baseline 0.001 -21"><span class='ocrx_word' id='word_1_383' title='bbox 201 4566 318 4642; x_wconf 74' lang='lat' dir='ltr'>passim</span> <span class='ocrx_word' id='word_1_384' title='bbox 327 4565 363 4622; x_wconf 87' lang='grc' dir='ltr'>Ρ.</span> <span class='ocrx_word' id='word_1_385' title='bbox 380 4568 639 4624; x_wconf 72' lang='lat' dir='ltr'>anurtsnsnutsa</span> <span class='ocrx_word' id='word_1_386' title='bbox 653 4567 683 4623; x_wconf 89' lang='grc'>13</span> <span class='ocrx_word' id='word_1_387' title='bbox 699 4565 819 4623; x_wconf 79' lang='lat' dir='ltr'>Canisii</span> <span class='ocrx_word' id='word_1_388' title='bbox 828 4569 927 4641; x_wconf 70' lang='lat' dir='ltr'>epist„</span> <span class='ocrx_word' id='word_1_389' title='bbox 943 4575 978 4623; x_wconf 87' lang='lat' dir='ltr'>tt.</span> <span class='ocrx_word' id='word_1_390' title='bbox 993 4567 1006 4622; x_wconf 90' lang='lat'>1</span> <span class='ocrx_word' id='word_1_391' title='bbox 1020 4575 1050 4624; x_wconf 92' lang='lat' dir='ltr'>et</span> <span class='ocrx_word' id='word_1_392' title='bbox 1062 4567 1105 4623; x_wconf 92' lang='grc' dir='ltr'><strong>ΙΙ.</strong></span> 
     </span>
    </p>

    <p class='ocr_par' dir='ltr' id='par_1_11' title="bbox 262 4657 539 4730">
     <span class='ocr_line' id='line_1_41' title="bbox 262 4657 539 4730; baseline 0 -18"><span class='ocrx_word' id='word_1_393' title='bbox 262 4659 276 4693; x_wconf 75' lang='lat'>⁸</span> <span class='ocrx_word' id='word_1_394' title='bbox 311 4657 378 4726; x_wconf 77' lang='grc'><strong>113,</strong></span> <span class='ocrx_word' id='word_1_395' title='bbox 388 4658 539 4730; x_wconf 51' lang='lat' dir='ltr'>pauido.</span> 
     </span>
    </p>
   </div>
   <div class='ocr_carea' id='block_1_5' title="bbox 0 0 1806 5380">
    <p class='ocr_par' dir='ltr' id='par_1_12' title="bbox 0 0 1806 5380">
     <span class='ocr_line' id='line_1_42' title="bbox 0 0 1806 5380; baseline 0 4"><span class='ocrx_word' id='word_1_396' title='bbox 0 0 1806 5380; x_wconf 95' lang='lat' dir='ltr'> </span> 
     </span>
    </p>
   </div>
  </div>
 </body>
</html>
