3666 5384
398 447 434 490 22
816 436 851 490 P.
870 436 1012 492 Nimis
1031 437 1196 492 Eausuax.

399 583 609 674 interrogaui
626 589 666 654 P.
688 588 716 654 F
717 586 909 655 ranciscum
929 588 972 655 de
991 586 1180 656 visionibus
1201 587 1314 656 fratris
1338 589 1487 670 Taxeda,
1511 587 1548 656 id
1566 598 1622 656 est

399 702 442 768 de
457 709 596 788 papatu,
615 711 681 771 etc.
699 701 795 770 Dixit
810 701 892 768 mihi
908 701 965 768 illa
980 701 1094 770 inlusa
1109 693 1149 794 [l]
1162 724 1246 772 esse

466 814 602 902 Negaui
617 825 814 885 constanter
829 820 923 886 Miro
947 816 1071 886 Auilae
1087 819 1128 884 P.
1146 819 1218 885 don
1237 817 1387 906 Diegum
1402 818 1619 886 Gusmanum

399 940 435 996 et
446 931 620 1000 doctorem
636 932 812 1013 Loartum,
830 953 917 1018 quos
931 933 1070 1019 petebat
1085 953 1146 1019 pro
1161 932 1320 1020 episcopo
1336 932 1486 1019 pacensi,
1503 942 1541 999 vt
1555 934 1615 1001 do-

399 1047 525 1113 cebant
549 1047 739 1114 doctrinam
754 1045 934 1133 xpianam.‚
957 1048 1050 1132 quod
1065 1047 1289 1115 ministerium
1305 1046 1471 1117 industrie
1490 1058 1526 1115 et
1546 1049 1622 1114 iru-

400 1169 520 1231 ctuose
534 1163 713 1248 gerebant:
730 1161 962 1230 intellexeram
977 1161 1155 1248 utriusque
1173 1161 1347 1230 historiam
1368 1171 1403 1231 et
1423 1163 1621 1234 definieram
1653 1227 1656 1232 .

400 1276 491 1362 apud
513 1273 592 1366 [me]
611 1276 687 1344 illos
707 1278 848 1344 Romam
868 1278 1007 1359 ducere,
1029 1279 1121 1363 quod
1147 1287 1183 1348 et
1210 1277 1286 1346 feci.
1318 1279 1416 1346 Tunc
1442 1277 1524 1344 dixi:
1557 1301 1623 1346 «no

401 1390 520 1476 quiero
535 1381 643 1478 'ganar
658 1393 776 1473 almas,
795 1403 849 1460 etc
868 1395 908 1459 ¹.»

467 1569 519 1636 tu
948 1573 1086 1639 Tonnm

469 1737 573 1806 Venit
593 1758 726 1805 mecum
746 1739 858 1805 bonus
876 1737 933 1806 ille
953 1738 1146 1807 licentiatus
1166 1741 1279 1826 Lopez
1295 1761 1374 1808 cum
1395 1740 1621 1809 Sanctander.

402 1853 542 1939 Agebat
563 1862 773 1922 conuentum
793 1852 866 1942 [sic]
883 1855 1119 1942 theologorum
1135 1855 1180 1924 de
1194 1854 1350 1942 apologia
1365 1866 1485 1922 contra
1499 1856 1620 1922 decre-

402 1976 475 2034 tum
491 1967 734 2055 archiepiscopi
747 1967 861 2038 Silicei
873 1968 965 2037 edita
977 1968 1149 2036 Luteciae.
1161 1968 1212 2036 lbi
1239 1990 1345 2057 quum
1357 1969 1491 2039 audiret
1502 1970 1624 2038 doctor

403 2083 531 2150 Cuesta
546 2084 634 2152 male
649 2081 767 2153 audire
782 2084 955 2165 exercitia,
972 2095 1007 2152 et
1023 2105 1099 2153 esse
1115 2084 1174 2170 qui
1189 2084 1317 2152 diceret
1328 2107 1404 2154 esse
1415 2085 1450 2152 in
1461 2084 1527 2151 illis
1538 2087 1621 2153 hae-

401 2219 507 2280 reses,
528 2219 608 2285 uper
622 2201 734 2268 Deum
751 2199 883 2287 (inquit)
900 2199 1114 2268 mendacium
1134 2209 1188 2268 est
1208 2201 1302 2285 quod
1321 2198 1390 2267 sint
1409 2201 1568 2270 haereses
1586 2198 1622 2266 in

401 2312 584 2398 exercitiis,
602 2335 681 2382 narn
696 2335 764 2401 ego
781 2313 838 2381 illa
853 2314 957 2400 vidj.»

468 2428 624 2498 Salutaui
634 2428 925 2516 archiepiscopum
935 2430 1216 2517 nomineVegae‚
1238 2429 1244 2518 Ι
1264 2429 1323 2515 qui
1334 2428 1468 2498 eratilli
1480 2429 1623 2496 amicus:

402 2541 539 2629 rogauit
560 2542 656 2612 cuias
676 2565 797 2613 essem:
822 2565 928 2630 quum
948 2543 1080 2613 audiret
1100 2542 1369 2626 maioricensem,
1391 2543 1560 2630 quaesiuit
1579 2565 1623 2610 an

401 2651 512 2728 essem
532 2657 690 2726 lullista⁸
713 2659 818 2748 (quod
838 2658 988 2728 intellexi
1010 2657 1143 2747 fuisse):
1166 2658 1305 2746 negaui.
1338 2661 1469 2746 «Quot,
1495 2657 1621 2744 inquit,

400 2773 483 2841 estis
495 2773 531 2840 in
543 2773 749 2844 Societatem
768 2777 840 2844 rDe
851 2773 1011 2862 professis
1023 2773 1183 2863 (inquam)
1196 2796 1335 2861 possum
1346 2775 1564 2862 respondere:
1580 2776 1624 2840 de

401 2889 475 2956 aliis
490 2911 560 2957 non
575 2889 691 2956 item.»
713 2905 821 2974 «1500
836 2889 930 2960 estis:
948 2910 1015 2977 ego
1030 2888 1113 2958 scio.
1133 2890 1277 2958 Habetis
1297 2889 1389 2958 viros
1409 2889 1541 2960 nobiles
1560 2889 1623 2956 ali-

402 3013 486 3088 quot
510 3015 546 3071 et
571 3005 702 3084 doctos,
732 3013 767 3073 et
787 3003 918 3089 aliquos
938 3004 1021 3070 mihi
1043 3004 1235 3086 familiares,
1269 3007 1309 3072 P.
1343 3003 1562 3072 Franciscum
1589 3016 1627 3070 et

402 3120 446 3186 D.
470 3119 622 3188 Torrem.
648 3120 819 3200 Toletum,
842 3118 871 3187 si
891 3118 1016 3200 velitis,
1038 3118 1166 3202 venite,
1188 3121 1232 3187 ad
1252 3141 1307 3188 me
1326 3119 1457 3202 venite3
1479 3120 1540 3188 sed
1560 3121 1625 3186 hac

401 3235 491 3320 lege,
509 3243 547 3299 vt
562 3233 733 3320 recipiatis
752 3235 928 3304 decretum
948 3245 1067 3302 contra
1086 3237 1311 3321 neophytos.»
1330 3234 1410 3304 Dixi
1426 3255 1490 3302 nos
1505 3235 1517 3269 ³
1539 3234 1626 3302 illud

401 3369 471 3414 non
497 3370 610 3436 posse,
635 3350 697 3418 sed
717 3347 981 3436 simplicissime,
1004 3360 1041 3416 vt
1061 3371 1130 3417 non
1157 3349 1261 3416 fuerit
1287 3351 1449 3417 offensus.
1472 3350 1529 3416 16
1556 3349 1627 3416 Hic

400 3463 513 3532 bonus
527 3463 802 3552 archiepiscopus
818 3474 890 3534 erat
906 3463 1017 3532 alieno
1032 3464 1145 3532 animo
1160 3487 1182 3532 a
1197 3464 1380 3534 Societate.

470 3578 591 3646 Edicto
614 3579 836 3649 interdixerat
862 3579 957 3667 prius
975 3579 1100 3647 nostris
1122 3602 1166 3648 ne
1190 3579 1225 3646 in
1248 3600 1311 3646 suo
1334 3579 1628 3668 archiepiscopatu

456 3841 464 3872 ¹
502 3837 565 3894 Fol.
583 3849 615 3908 14
628 3856 656 3893 v.
671 3855 776 3912 purum
789 3839 924 3894 relictum
937 3846 994 3896 est.

453 3931 464 3961 ¹
502 3927 535 3982 ld
548 3935 595 3982 est
607 3927 765 3982 Raimundi
777 3928 866 3984 Lullii
878 3929 1002 3984 assecla.
1016 3927 1152 3983 Natalem
1165 3936 1234 3983 ante
1248 3928 1350 3984 initam
1364 3927 1544 3984 Societatem
1557 3927 1627 3983 Lul—

401 4017 497 4072 lianae
510 4017 627 4071 scholae
640 4013 790 4071 addictum
803 4015 895 4072 fuisse
914 4025 1059 4072 assertum
1076 4015 1234 4072 vidimusa
1253 4018 1291 4072 D.
1309 4017 1456 4088 Josttpno
1474 4017 1629 4087 Quantis-

402 4119 456 4174 DO,
470 4105 567 4178 Epist.
583 4105 695 4173 Nadal,
710 4105 735 4176 1,
748 4105 794 4177 28,
807 4113 908 4161 annot.
923 4119 949 4160 2.
964 4106 1101 4176 Quonam
1118 4104 1148 4161 id
1165 4105 1357 4161 fundamento
1374 4105 1493 4161 innixus
1510 4104 1541 4160 id
1557 4104 1628 4160 scri·

400 4195 493 4266 pserit
505 4195 555 4250 ille
564 4203 676 4265 auctor,
686 4195 865 4266 ignoramus.
876 4195 952 4252 Illud
961 4203 1074 4250 certum
1085 4202 1131 4250 est
1149 4213 1188 4252 ex
1198 4194 1312 4252 Chron.
1323 4193 1442 4262 Natat„
1452 4213 1482 4250 n.
1493 4209 1539 4266 aa),
1558 4211 1627 4250 eum

401 4282 440 4338 ad
451 4281 570 4339 domum
588 4284 742 4340 Trinitatis
759 4285 920 4340 secessisse
938 4291 971 4339 ut
981 4274 1094 4340 'studiis
1112 4301 1232 4356 operam
1249 4292 1381 4340 navaret.
1400 4285 1434 4338 ln
1456 4284 1506 4340 illa
1527 4291 1627 4338 autem

399 4371 487 4428 domo
497 4373 558 4444 jam
570 4391 587 4428 a
601 4373 700 4429 multis
713 4373 798 4430 annis
811 4372 908 4430 studia
918 4372 1038 4430 lulliana
1047 4373 1182 4430 floruisse
1192 4373 1302 4452 passim
1312 4373 1457 4428 affirmant
1467 4372 1628 4445 scriptores

397 4460 619 4533 majoricenses.
640 4460 715 4518 Vide
733 4463 918 4533 Laruuurss,
936 4462 1078 4517 Historia
1099 4461 1135 4518 da
1157 4464 1204 4518 los
1224 4463 1489 4519 universidades...
1513 4479 1551 4516 en
1569 4459 1626 4515 Es-

392 4555 491 4622 parta,
506 4559 531 4606 t.
549 4551 574 4622 1,
587 4567 655 4624 cap.
673 4565 716 4608 xu
729 4560 761 4608 et
773 4563 881 4608 xxvm.

457 4641 468 4672 ³
505 4640 573 4711 Ma,
586 4658 657 4697 non.
