<?xml version="1.0" encoding="UTF-8"?>
<!DOCTYPE html PUBLIC "-//W3C//DTD XHTML 1.0 Transitional//EN"
    "http://www.w3.org/TR/xhtml1/DTD/xhtml1-transitional.dtd">
<html xmlns="http://www.w3.org/1999/xhtml" xml:lang="en" lang="en">
 <head>
  <title>
</title>
<meta http-equiv="Content-Type" content="text/html;charset=utf-8" />
  <meta name='ocr-system' content='tesseract 3.04.00' />
  <meta name='ocr-capabilities' content='ocr_page ocr_carea ocr_par ocr_line ocrx_word'/>
</head>
<body>
  <div class='ocr_page' id='page_1' title='image "./epistolaephiero00nadagoog_0194.png"; bbox 0 0 3526 5380; ppageno 0'>
   <div class='ocr_carea' id='block_1_1' title="bbox 712 463 1482 566">
    <p class='ocr_par' dir='ltr' id='par_1_1' title="bbox 712 463 1482 566">
     <span class='ocr_line' id='line_1_1' title="bbox 712 463 1482 566; baseline -0.004 -15"><span class='ocrx_word' id='word_1_1' title='bbox 712 496 934 566; x_wconf 82' lang='lat' dir='ltr'>4Dscsrrsn1s</span> <span class='ocrx_word' id='word_1_2' title='bbox 955 493 1023 564; x_wconf 81' lang='grc'><strong>1562</strong></span> <span class='ocrx_word' id='word_1_3' title='bbox 1155 463 1157 468; x_wconf 40' lang='grc'><strong>’</strong></span> <span class='ocrx_word' id='word_1_4' title='bbox 1431 493 1482 564; x_wconf 82' lang='lat'>167</span> 
     </span>
    </p>
   </div>
   <div class='ocr_carea' id='block_1_2' title="bbox 183 645 1481 2464">
    <p class='ocr_par' dir='ltr' id='par_1_2' title="bbox 244 645 1481 850">
     <span class='ocr_line' id='line_1_2' title="bbox 244 645 1481 736; baseline -0.001 -19"><span class='ocrx_word' id='word_1_5' title='bbox 244 669 291 717; x_wconf 83' lang='lat' dir='ltr'>se</span> <span class='ocrx_word' id='word_1_6' title='bbox 307 649 433 736; x_wconf 87' lang='lat' dir='ltr'>pueda,</span> <span class='ocrx_word' id='word_1_7' title='bbox 451 668 488 717; x_wconf 88' lang='lat' dir='ltr'>se</span> <span class='ocrx_word' id='word_1_8' title='bbox 508 670 623 736; x_wconf 89' lang='lat' dir='ltr'>uenga</span> <span class='ocrx_word' id='word_1_9' title='bbox 643 655 663 716; x_wconf 76' lang='lat' dir='ltr'>a</span> <span class='ocrx_word' id='word_1_10' title='bbox 682 650 716 716; x_wconf 91' lang='lat' dir='ltr'>lo</span> <span class='ocrx_word' id='word_1_11' title='bbox 735 647 929 736; x_wconf 84' lang='lat' dir='ltr'>particular,</span> <span class='ocrx_word' id='word_1_12' title='bbox 946 669 970 735; x_wconf 89' lang='lat' dir='ltr'><strong>y</strong></span> <span class='ocrx_word' id='word_1_13' title='bbox 989 668 1027 714; x_wconf 87' lang='lat' dir='ltr'>se</span> <span class='ocrx_word' id='word_1_14' title='bbox 1050 645 1205 716; x_wconf 87' lang='lat' dir='ltr'>soliciten</span> <span class='ocrx_word' id='word_1_15' title='bbox 1218 645 1481 733; x_wconf 86' lang='lat' dir='ltr'>especialmente</span> 
     </span>
     <span class='ocr_line' id='line_1_3' title="bbox 246 763 863 850; baseline -0.002 -19"><span class='ocrx_word' id='word_1_16' title='bbox 246 765 306 831; x_wconf 86' lang='lat' dir='ltr'>las</span> <span class='ocrx_word' id='word_1_17' title='bbox 322 763 519 832; x_wconf 87' lang='lat' dir='ltr'>dotaciones</span> <span class='ocrx_word' id='word_1_18' title='bbox 534 765 578 834; x_wconf 91' lang='lat' dir='ltr'>de</span> <span class='ocrx_word' id='word_1_19' title='bbox 594 766 646 831; x_wconf 90' lang='lat' dir='ltr'>los</span> <span class='ocrx_word' id='word_1_20' title='bbox 660 763 823 850; x_wconf 86' lang='lat' dir='ltr'>collegios</span> <span class='ocrx_word' id='word_1_21' title='bbox 841 764 863 830; x_wconf 87' lang='lat'>¹.</span> 
     </span>
    </p>

    <p class='ocr_par' dir='ltr' id='par_1_3' title="bbox 183 875 1480 1294">
     <span class='ocr_line' id='line_1_4' title="bbox 320 875 1480 965; baseline 0 -19"><span class='ocrx_word' id='word_1_22' title='bbox 320 897 354 962; x_wconf 90' lang='lat'>4.</span> <span class='ocrx_word' id='word_1_23' title='bbox 403 879 560 947; x_wconf 81' lang='lat' dir='ltr'>Embioa</span> <span class='ocrx_word' id='word_1_24' title='bbox 581 882 625 947; x_wconf 95' lang='lat' dir='ltr'>V.</span> <span class='ocrx_word' id='word_1_25' title='bbox 648 880 690 946; x_wconf 89' lang='lat' dir='ltr'>R.</span> <span class='ocrx_word' id='word_1_26' title='bbox 714 900 762 946; x_wconf 92' lang='lat' dir='ltr'>un</span> <span class='ocrx_word' id='word_1_27' title='bbox 782 877 932 965; x_wconf 87' lang='lat' dir='ltr'>capitulo</span> <span class='ocrx_word' id='word_1_28' title='bbox 951 877 994 944; x_wconf 91' lang='lat' dir='ltr'>de</span> <span class='ocrx_word' id='word_1_29' title='bbox 1016 897 1084 950; x_wconf 83' lang='lat' dir='ltr'>una</span> <span class='ocrx_word' id='word_1_30' title='bbox 1102 879 1188 947; x_wconf 88' lang='lat' dir='ltr'>letra</span> <span class='ocrx_word' id='word_1_31' title='bbox 1208 875 1264 946; x_wconf 92' lang='lat' dir='ltr'>del</span> <span class='ocrx_word' id='word_1_32' title='bbox 1281 879 1321 944; x_wconf 93' lang='lat' dir='ltr'>P.</span> <span class='ocrx_word' id='word_1_33' title='bbox 1339 880 1384 945; x_wconf 91' lang='lat' dir='ltr'>D.</span> <span class='ocrx_word' id='word_1_34' title='bbox 1404 877 1480 946; x_wconf 86' lang='lat' dir='ltr'>Ma·</span> 
     </span>
     <span class='ocr_line' id='line_1_5' title="bbox 183 965 1480 1082; baseline 0 -22"><span class='ocrx_word' id='word_1_35' title='bbox 183 965 196 982; x_wconf 55' lang='lat'><strong><em>⁹</em></strong></span> <span class='ocrx_word' id='word_1_36' title='bbox 248 993 332 1060; x_wconf 90' lang='lat' dir='ltr'>drid</span> <span class='ocrx_word' id='word_1_37' title='bbox 345 1015 428 1081; x_wconf 87' lang='lat' dir='ltr'>para</span> <span class='ocrx_word' id='word_1_38' title='bbox 443 1015 511 1081; x_wconf 90' lang='lat' dir='ltr'>que</span> <span class='ocrx_word' id='word_1_39' title='bbox 526 993 608 1082; x_wconf 87' lang='lat' dir='ltr'>diga</span> <span class='ocrx_word' id='word_1_40' title='bbox 623 1016 665 1061; x_wconf 89' lang='lat' dir='ltr'>su</span> <span class='ocrx_word' id='word_1_41' title='bbox 679 1015 819 1082; x_wconf 87' lang='lat' dir='ltr'>parecer</span> <span class='ocrx_word' id='word_1_42' title='bbox 833 995 933 1062; x_wconf 86' lang='lat' dir='ltr'>sobre</span> <span class='ocrx_word' id='word_1_43' title='bbox 949 994 1038 1082; x_wconf 84' lang='lat' dir='ltr'>Joan</span> <span class='ocrx_word' id='word_1_44' title='bbox 1057 991 1179 1074; x_wconf 88' lang='lat' dir='ltr'>Fauio,</span> <span class='ocrx_word' id='word_1_45' title='bbox 1197 991 1393 1060; x_wconf 84' lang='lat' dir='ltr'><strong>coloniense</strong></span> <span class='ocrx_word' id='word_1_46' title='bbox 1412 993 1438 1077; x_wconf 82' lang='lat'>¹3</span> <span class='ocrx_word' id='word_1_47' title='bbox 1455 1014 1480 1079; x_wconf 90' lang='lat' dir='ltr'><strong>y</strong></span> 
     </span>
     <span class='ocr_line' id='line_1_6' title="bbox 247 1108 1479 1198; baseline -0.002 -22"><span class='ocrx_word' id='word_1_48' title='bbox 247 1113 449 1192; x_wconf 84' lang='lat' dir='ltr'>asimesmo,</span> <span class='ocrx_word' id='word_1_49' title='bbox 474 1110 503 1178; x_wconf 92' lang='lat' dir='ltr'>si</span> <span class='ocrx_word' id='word_1_50' title='bbox 519 1111 553 1180; x_wconf 92' lang='lat' dir='ltr'>le</span> <span class='ocrx_word' id='word_1_51' title='bbox 568 1115 739 1197; x_wconf 78' lang='lat' dir='ltr'>parecera,</span> <span class='ocrx_word' id='word_1_52' title='bbox 760 1110 823 1176; x_wconf 88' lang='lat' dir='ltr'>dar</span> <span class='ocrx_word' id='word_1_53' title='bbox 834 1108 931 1176; x_wconf 87' lang='lat' dir='ltr'>auiso</span> <span class='ocrx_word' id='word_1_54' title='bbox 946 1110 1047 1178; x_wconf 83' lang='lat' dir='ltr'>sobre</span> <span class='ocrx_word' id='word_1_55' title='bbox 1061 1109 1094 1177; x_wconf 84' lang='lat' dir='ltr'>cl</span> <span class='ocrx_word' id='word_1_56' title='bbox 1108 1119 1184 1176; x_wconf 91' lang='lat' dir='ltr'>otro</span> <span class='ocrx_word' id='word_1_57' title='bbox 1195 1108 1325 1198; x_wconf 88' lang='lat' dir='ltr'>Jacobo</span> <span class='ocrx_word' id='word_1_58' title='bbox 1341 1109 1367 1190; x_wconf 85' lang='lat'>⁸,</span> <span class='ocrx_word' id='word_1_59' title='bbox 1385 1108 1479 1174; x_wconf 93' lang='lat' dir='ltr'>colo-</span> 
     </span>
     <span class='ocr_line' id='line_1_7' title="bbox 252 1223 388 1294; baseline 0.007 -3"><span class='ocrx_word' id='word_1_60' title='bbox 252 1223 388 1294; x_wconf 89' lang='lat' dir='ltr'>niense.</span> 
     </span>
    </p>

    <p class='ocr_par' dir='ltr' id='par_1_4' title="bbox 248 1337 1481 2464">
     <span class='ocr_line' id='line_1_8' title="bbox 324 1337 1477 1427; baseline -0.003 -19"><span class='ocrx_word' id='word_1_61' title='bbox 324 1355 355 1424; x_wconf 84' lang='lat'>5.</span> <span class='ocrx_word' id='word_1_62' title='bbox 404 1342 445 1407; x_wconf 91' lang='lat' dir='ltr'>El</span> <span class='ocrx_word' id='word_1_63' title='bbox 461 1343 545 1408; x_wconf 85' lang='lat' dir='ltr'>M.r0</span> <span class='ocrx_word' id='word_1_64' title='bbox 566 1341 724 1408; x_wconf 91' lang='lat' dir='ltr'>Emundo</span> <span class='ocrx_word' id='word_1_65' title='bbox 740 1341 754 1374; x_wconf 78' lang='lat'><strong>⁴</strong></span> <span class='ocrx_word' id='word_1_66' title='bbox 769 1361 837 1427; x_wconf 90' lang='lat' dir='ltr'>que</span> <span class='ocrx_word' id='word_1_67' title='bbox 852 1346 925 1409; x_wconf 81' lang='lat' dir='ltr'>esta</span> <span class='ocrx_word' id='word_1_68' title='bbox 939 1362 983 1408; x_wconf 89' lang='lat' dir='ltr'>en</span> <span class='ocrx_word' id='word_1_69' title='bbox 1000 1337 1110 1409; x_wconf 89' lang='lat' dir='ltr'>Viena</span> <span class='ocrx_word' id='word_1_70' title='bbox 1124 1339 1168 1407; x_wconf 90' lang='lat' dir='ltr'>de</span> <span class='ocrx_word' id='word_1_71' title='bbox 1183 1337 1325 1406; x_wconf 86' lang='lat' dir='ltr'>Francia</span> <span class='ocrx_word' id='word_1_72' title='bbox 1341 1340 1385 1404; x_wconf 88' lang='lat' dir='ltr'>ha</span> <span class='ocrx_word' id='word_1_73' title='bbox 1404 1360 1477 1407; x_wconf 88' lang='lat' dir='ltr'>em-</span> 
     </span>
     <span class='ocr_line' id='line_1_9' title="bbox 251 1453 1477 1543; baseline -0.001 -21"><span class='ocrx_word' id='word_1_74' title='bbox 251 1455 357 1523; x_wconf 88' lang='lat' dir='ltr'>biado</span> <span class='ocrx_word' id='word_1_75' title='bbox 372 1461 489 1542; x_wconf 76' lang='lat' dir='ltr'>aquid</span> <span class='ocrx_word' id='word_1_76' title='bbox 510 1457 639 1526; x_wconf 90' lang='lat' dir='ltr'>Trento</span> <span class='ocrx_word' id='word_1_77' title='bbox 660 1463 680 1524; x_wconf 71' lang='lat' dir='ltr'>a</span> <span class='ocrx_word' id='word_1_78' title='bbox 701 1457 875 1543; x_wconf 84' lang='lat' dir='ltr'>Stephano</span> <span class='ocrx_word' id='word_1_79' title='bbox 891 1454 1068 1524; x_wconf 89' lang='lat' dir='ltr'>Mirauello</span> <span class='ocrx_word' id='word_1_80' title='bbox 1083 1475 1148 1522; x_wconf 90' lang='lat' dir='ltr'>con</span> <span class='ocrx_word' id='word_1_81' title='bbox 1162 1454 1266 1523; x_wconf 85' lang='lat' dir='ltr'>letras</span> <span class='ocrx_word' id='word_1_82' title='bbox 1283 1455 1294 1490; x_wconf 77' lang='lat'>⁸</span> <span class='ocrx_word' id='word_1_83' title='bbox 1311 1453 1477 1522; x_wconf 87' lang='lat' dir='ltr'>auisando</span> 
     </span>
     <span class='ocr_line' id='line_1_10' title="bbox 252 1569 1481 1657; baseline 0 -19"><span class='ocrx_word' id='word_1_84' title='bbox 252 1572 298 1638; x_wconf 92' lang='lat' dir='ltr'>de</span> <span class='ocrx_word' id='word_1_85' title='bbox 315 1572 348 1640; x_wconf 90' lang='lat' dir='ltr'>la</span> <span class='ocrx_word' id='word_1_86' title='bbox 363 1581 497 1639; x_wconf 88' lang='lat' dir='ltr'>muerte</span> <span class='ocrx_word' id='word_1_87' title='bbox 512 1572 568 1641; x_wconf 91' lang='lat' dir='ltr'>del</span> <span class='ocrx_word' id='word_1_88' title='bbox 584 1574 625 1639; x_wconf 92' lang='lat' dir='ltr'>P.</span> <span class='ocrx_word' id='word_1_89' title='bbox 643 1574 722 1640; x_wconf 93' lang='lat' dir='ltr'>Don</span> <span class='ocrx_word' id='word_1_90' title='bbox 739 1571 923 1640; x_wconf 87' lang='lat' dir='ltr'>Paschasio</span> <span class='ocrx_word' id='word_1_91' title='bbox 937 1574 964 1653; x_wconf 80' lang='lat'>⁸,</span> <span class='ocrx_word' id='word_1_92' title='bbox 977 1591 1045 1657; x_wconf 90' lang='lat' dir='ltr'>que</span> <span class='ocrx_word' id='word_1_93' title='bbox 1060 1591 1098 1637; x_wconf 85' lang='lat' dir='ltr'>es</span> <span class='ocrx_word' id='word_1_94' title='bbox 1112 1591 1156 1638; x_wconf 90' lang='lat' dir='ltr'>en</span> <span class='ocrx_word' id='word_1_95' title='bbox 1171 1569 1291 1657; x_wconf 89' lang='lat' dir='ltr'>gloria,</span> <span class='ocrx_word' id='word_1_96' title='bbox 1309 1589 1375 1636; x_wconf 89' lang='lat' dir='ltr'>con</span> <span class='ocrx_word' id='word_1_97' title='bbox 1391 1573 1481 1638; x_wconf 81' lang='lat' dir='ltr'>M.r⁰</span> 
     </span>
     <span class='ocr_line' id='line_1_11' title="bbox 252 1685 1481 1777; baseline -0.001 -23"><span class='ocrx_word' id='word_1_98' title='bbox 252 1688 343 1754; x_wconf 86' lang='lat' dir='ltr'>Otto</span> <span class='ocrx_word' id='word_1_99' title='bbox 360 1689 371 1722; x_wconf 78' lang='lat'>²</span> <span class='ocrx_word' id='word_1_100' title='bbox 390 1709 414 1773; x_wconf 98' lang='lat' dir='ltr'><strong>y</strong></span> <span class='ocrx_word' id='word_1_101' title='bbox 429 1689 517 1777; x_wconf 90' lang='lat' dir='ltr'>Joan</span> <span class='ocrx_word' id='word_1_102' title='bbox 537 1688 723 1773; x_wconf 90' lang='lat' dir='ltr'>saboyano,</span> <span class='ocrx_word' id='word_1_103' title='bbox 746 1710 769 1774; x_wconf 91' lang='lat' dir='ltr'>y</span> <span class='ocrx_word' id='word_1_104' title='bbox 790 1697 866 1754; x_wconf 90' lang='lat' dir='ltr'>otro</span> <span class='ocrx_word' id='word_1_105' title='bbox 881 1690 969 1776; x_wconf 90' lang='lat' dir='ltr'>Joan</span> <span class='ocrx_word' id='word_1_106' title='bbox 985 1685 1162 1753; x_wconf 85' lang='lat' dir='ltr'>coadiutor</span> <span class='ocrx_word' id='word_1_107' title='bbox 1177 1687 1204 1766; x_wconf 85' lang='lat'>⁸,</span> <span class='ocrx_word' id='word_1_108' title='bbox 1225 1707 1249 1771; x_wconf 95' lang='lat' dir='ltr'><strong>y</strong></span> <span class='ocrx_word' id='word_1_109' title='bbox 1268 1694 1361 1753; x_wconf 91' lang='lat' dir='ltr'>otros</span> <span class='ocrx_word' id='word_1_110' title='bbox 1381 1685 1444 1754; x_wconf 89' lang='lat' dir='ltr'>dos</span> <span class='ocrx_word' id='word_1_111' title='bbox 1458 1691 1481 1753; x_wconf 88' lang='grc' dir='ltr'><strong>ό</strong></span> 
     </span>
     <span class='ocr_line' id='line_1_12' title="bbox 252 1786 1480 1889; baseline 0 -21"><span class='ocrx_word' id='word_1_112' title='bbox 252 1813 326 1871; x_wconf 78' lang='lat' dir='ltr'>tres</span> <span class='ocrx_word' id='word_1_113' title='bbox 341 1803 493 1889; x_wconf 88' lang='lat' dir='ltr'>seglares</span> <span class='ocrx_word' id='word_1_114' title='bbox 508 1823 576 1886; x_wconf 91' lang='lat' dir='ltr'>que</span> <span class='ocrx_word' id='word_1_115' title='bbox 592 1801 783 1888; x_wconf 85' lang='lat' dir='ltr'>platicauan</span> <span class='ocrx_word' id='word_1_116' title='bbox 799 1825 844 1872; x_wconf 91' lang='lat' dir='ltr'>en</span> <span class='ocrx_word' id='word_1_117' title='bbox 859 1811 998 1869; x_wconf 86' lang='lat' dir='ltr'>nuestra</span> <span class='ocrx_word' id='word_1_118' title='bbox 1012 1821 1091 1868; x_wconf 84' lang='lat' dir='ltr'>casa</span> <span class='ocrx_word' id='word_1_119' title='bbox 1106 1801 1149 1868; x_wconf 90' lang='lat' dir='ltr'>de</span> <span class='ocrx_word' id='word_1_120' title='bbox 1165 1802 1273 1868; x_wconf 87' lang='lat' dir='ltr'>Paris.</span> <span class='ocrx_word' id='word_1_121' title='bbox 1298 1786 1339 1867; x_wconf 79' lang='lat' dir='ltr'>El</span> <span class='ocrx_word' id='word_1_122' title='bbox 1360 1822 1480 1887; x_wconf 88' lang='lat' dir='ltr'>espera</span> 
     </span>
     <span class='ocr_line' id='line_1_13' title="bbox 250 1915 1479 2005; baseline 0.001 -23"><span class='ocrx_word' id='word_1_123' title='bbox 250 1916 390 1986; x_wconf 89' lang='lat' dir='ltr'>reduzir</span> <span class='ocrx_word' id='word_1_124' title='bbox 405 1929 521 2004; x_wconf 88' lang='lat' dir='ltr'>presto</span> <span class='ocrx_word' id='word_1_125' title='bbox 536 1923 556 1984; x_wconf 78' lang='lat' dir='ltr'>a</span> <span class='ocrx_word' id='word_1_126' title='bbox 572 1918 711 1985; x_wconf 85' lang='lat' dir='ltr'>Tornon</span> <span class='ocrx_word' id='word_1_127' title='bbox 726 1918 758 1987; x_wconf 89' lang='lat' dir='ltr'>el</span> <span class='ocrx_word' id='word_1_128' title='bbox 774 1915 932 2004; x_wconf 89' lang='lat' dir='ltr'>collegio;</span> <span class='ocrx_word' id='word_1_129' title='bbox 951 1939 985 2005; x_wconf 90' lang='lat' dir='ltr'>y,</span> <span class='ocrx_word' id='word_1_130' title='bbox 999 1919 1111 2002; x_wconf 83' lang='lat' dir='ltr'>segun</span> <span class='ocrx_word' id='word_1_131' title='bbox 1122 1936 1164 1982; x_wconf 91' lang='lat' dir='ltr'>su</span> <span class='ocrx_word' id='word_1_132' title='bbox 1179 1925 1314 1998; x_wconf 88' lang='lat' dir='ltr'>cuenta,</span> <span class='ocrx_word' id='word_1_133' title='bbox 1328 1936 1372 2000; x_wconf 87' lang='lat' dir='ltr'>ya</span> <span class='ocrx_word' id='word_1_134' title='bbox 1387 1925 1479 1984; x_wconf 84' lang='lat' dir='ltr'>esta-</span> 
     </span>
     <span class='ocr_line' id='line_1_14' title="bbox 251 2031 1476 2119; baseline 0 -21"><span class='ocrx_word' id='word_1_135' title='bbox 251 2037 293 2098; x_wconf 71' lang='lat' dir='ltr'>ra</span> <span class='ocrx_word' id='word_1_136' title='bbox 310 2031 444 2114; x_wconf 90' lang='lat' dir='ltr'>dentro;</span> <span class='ocrx_word' id='word_1_137' title='bbox 462 2055 486 2119; x_wconf 89' lang='lat' dir='ltr'><strong>y</strong></span> <span class='ocrx_word' id='word_1_138' title='bbox 504 2033 557 2099; x_wconf 88' lang='lat' dir='ltr'>los</span> <span class='ocrx_word' id='word_1_139' title='bbox 577 2032 710 2118; x_wconf 89' lang='lat' dir='ltr'>herejes</span> <span class='ocrx_word' id='word_1_140' title='bbox 729 2053 774 2100; x_wconf 91' lang='lat' dir='ltr'>no</span> <span class='ocrx_word' id='word_1_141' title='bbox 794 2034 863 2098; x_wconf 90' lang='lat' dir='ltr'>han</span> <span class='ocrx_word' id='word_1_142' title='bbox 884 2031 1004 2100; x_wconf 89' lang='lat' dir='ltr'>tocado</span> <span class='ocrx_word' id='word_1_143' title='bbox 1020 2032 1107 2099; x_wconf 86' lang='lat' dir='ltr'>nada</span> <span class='ocrx_word' id='word_1_144' title='bbox 1127 2031 1171 2098; x_wconf 91' lang='lat' dir='ltr'>de</span> <span class='ocrx_word' id='word_1_145' title='bbox 1191 2039 1348 2098; x_wconf 84' lang='lat' dir='ltr'>nuestras</span> <span class='ocrx_word' id='word_1_146' title='bbox 1367 2050 1476 2098; x_wconf 76' lang='lat' dir='ltr'>cosae.</span> 
     </span>
     <span class='ocr_line' id='line_1_15' title="bbox 253 2145 1477 2233; baseline -0.001 -19"><span class='ocrx_word' id='word_1_147' title='bbox 253 2148 411 2214; x_wconf 89' lang='lat' dir='ltr'>Muestra</span> <span class='ocrx_word' id='word_1_148' title='bbox 422 2145 626 2214; x_wconf 81' lang='lat' dir='ltr'>inclinacibn</span> <span class='ocrx_word' id='word_1_149' title='bbox 637 2152 658 2214; x_wconf 76' lang='lat' dir='ltr'>a</span> <span class='ocrx_word' id='word_1_150' title='bbox 669 2145 823 2233; x_wconf 91' lang='lat' dir='ltr'>predicar</span> <span class='ocrx_word' id='word_1_151' title='bbox 834 2167 878 2214; x_wconf 90' lang='lat' dir='ltr'>en</span> <span class='ocrx_word' id='word_1_152' title='bbox 891 2149 986 2215; x_wconf 83' lang='lat' dir='ltr'>Leon</span> <span class='ocrx_word' id='word_1_153' title='bbox 997 2159 1070 2215; x_wconf 89' lang='lat' dir='ltr'>este</span> <span class='ocrx_word' id='word_1_154' title='bbox 1082 2145 1242 2213; x_wconf 87' lang='lat' dir='ltr'>aduiento</span> <span class='ocrx_word' id='word_1_155' title='bbox 1253 2164 1477 2232; x_wconf 86' lang='lat' dir='ltr'>yquaresma,</span> 
     </span>
     <span class='ocr_line' id='line_1_16' title="bbox 249 2259 1479 2350; baseline 0.002 -23"><span class='ocrx_word' id='word_1_156' title='bbox 249 2263 298 2330; x_wconf 91' lang='lat' dir='ltr'>de</span> <span class='ocrx_word' id='word_1_157' title='bbox 321 2261 435 2330; x_wconf 91' lang='lat' dir='ltr'>donde</span> <span class='ocrx_word' id='word_1_158' title='bbox 457 2283 495 2330; x_wconf 90' lang='lat' dir='ltr'>se</span> <span class='ocrx_word' id='word_1_159' title='bbox 517 2261 630 2349; x_wconf 86' lang='lat' dir='ltr'>colige</span> <span class='ocrx_word' id='word_1_160' title='bbox 652 2263 685 2330; x_wconf 85' lang='lat' dir='ltr'>la</span> <span class='ocrx_word' id='word_1_161' title='bbox 707 2284 871 2350; x_wconf 79' lang='lat' dir='ltr'>speranza</span> <span class='ocrx_word' id='word_1_162' title='bbox 893 2283 961 2349; x_wconf 90' lang='lat' dir='ltr'>que</span> <span class='ocrx_word' id='word_1_163' title='bbox 982 2280 1022 2328; x_wconf 92' lang='lat' dir='ltr'>se</span> <span class='ocrx_word' id='word_1_164' title='bbox 1043 2263 1136 2327; x_wconf 89' lang='lat' dir='ltr'>tenla</span> <span class='ocrx_word' id='word_1_165' title='bbox 1149 2281 1247 2328; x_wconf 89' lang='lat' dir='ltr'>como</span> <span class='ocrx_word' id='word_1_166' title='bbox 1267 2259 1372 2328; x_wconf 88' lang='lat' dir='ltr'>cierta</span> <span class='ocrx_word' id='word_1_167' title='bbox 1387 2283 1430 2327; x_wconf 90' lang='lat' dir='ltr'>en</span> <span class='ocrx_word' id='word_1_168' title='bbox 1447 2261 1479 2330; x_wconf 89' lang='lat' dir='ltr'>el</span> 
     </span>
     <span class='ocr_line' id='line_1_17' title="bbox 248 2374 1477 2464; baseline 0.001 -21"><span class='ocrx_word' id='word_1_169' title='bbox 248 2396 374 2464; x_wconf 86' lang='lat' dir='ltr'>campo</span> <span class='ocrx_word' id='word_1_170' title='bbox 388 2377 432 2444; x_wconf 93' lang='lat' dir='ltr'>de</span> <span class='ocrx_word' id='word_1_171' title='bbox 447 2378 499 2445; x_wconf 90' lang='lat' dir='ltr'>los</span> <span class='ocrx_word' id='word_1_172' title='bbox 514 2377 711 2462; x_wconf 82' lang='lat' dir='ltr'>catholicos,</span> <span class='ocrx_word' id='word_1_173' title='bbox 729 2378 842 2446; x_wconf 92' lang='lat' dir='ltr'>donde</span> <span class='ocrx_word' id='word_1_174' title='bbox 856 2378 889 2444; x_wconf 80' lang='lat' dir='ltr'>el</span> <span class='ocrx_word' id='word_1_175' title='bbox 903 2386 1023 2444; x_wconf 88' lang='lat' dir='ltr'>estaua</span> <span class='ocrx_word' id='word_1_176' title='bbox 1038 2381 1058 2442; x_wconf 78' lang='lat' dir='ltr'>d</span> <span class='ocrx_word' id='word_1_177' title='bbox 1073 2375 1125 2441; x_wconf 93' lang='lat' dir='ltr'>los</span> <span class='ocrx_word' id='word_1_178' title='bbox 1145 2394 1184 2443; x_wconf 95' lang='lat'>10</span> <span class='ocrx_word' id='word_1_179' title='bbox 1199 2378 1242 2444; x_wconf 93' lang='lat' dir='ltr'>de</span> <span class='ocrx_word' id='word_1_180' title='bbox 1257 2374 1477 2456; x_wconf 89' lang='lat' dir='ltr'>Nouiembre,</span> 
     </span>
    </p>
   </div>
   <div class='ocr_carea' id='block_1_3' title="bbox 245 2568 1481 3534">
    <p class='ocr_par' dir='ltr' id='par_1_5' title="bbox 248 2568 1481 3354">
     <span class='ocr_line' id='line_1_18' title="bbox 310 2568 1479 2645; baseline 0.003 -21"><span class='ocrx_word' id='word_1_181' title='bbox 310 2572 319 2608; x_wconf 87' lang='lat'>¹</span> <span class='ocrx_word' id='word_1_182' title='bbox 358 2571 443 2627; x_wconf 83' lang='lat' dir='ltr'>uNon</span> <span class='ocrx_word' id='word_1_183' title='bbox 455 2572 481 2628; x_wconf 89' lang='lat' dir='ltr'>si</span> <span class='ocrx_word' id='word_1_184' title='bbox 494 2573 622 2645; x_wconf 91' lang='lat' dir='ltr'>potendo</span> <span class='ocrx_word' id='word_1_185' title='bbox 635 2590 687 2645; x_wconf 90' lang='lat' dir='ltr'>per</span> <span class='ocrx_word' id='word_1_186' title='bbox 698 2571 804 2628; x_wconf 86' lang='lat' dir='ltr'>adesso</span> <span class='ocrx_word' id='word_1_187' title='bbox 821 2570 997 2628; x_wconf 84' lang='lat' dir='ltr'>concludere</span> <span class='ocrx_word' id='word_1_188' title='bbox 1014 2571 1035 2628; x_wconf 93' lang='lat' dir='ltr'>li</span> <span class='ocrx_word' id='word_1_189' title='bbox 1051 2568 1167 2642; x_wconf 81' lang='lat' dir='ltr'>negocii</span> <span class='ocrx_word' id='word_1_190' title='bbox 1183 2568 1261 2627; x_wconf 92' lang='lat' dir='ltr'>della</span> <span class='ocrx_word' id='word_1_191' title='bbox 1278 2571 1429 2627; x_wconf 90' lang='lat' dir='ltr'>dotatione</span> <span class='ocrx_word' id='word_1_192' title='bbox 1441 2570 1479 2627; x_wconf 91' lang='lat' dir='ltr'>de</span> 
     </span>
     <span class='ocr_line' id='line_1_19' title="bbox 250 2659 1481 2734; baseline 0 -18"><span class='ocrx_word' id='word_1_193' title='bbox 250 2660 385 2732; x_wconf 79' lang='lat' dir='ltr'>collegii,</span> <span class='ocrx_word' id='word_1_194' title='bbox 397 2659 553 2732; x_wconf 75' lang='lat' dir='ltr'>bisognerd</span> <span class='ocrx_word' id='word_1_195' title='bbox 566 2659 712 2718; x_wconf 76' lang='lat' dir='ltr'>aduertite</span> <span class='ocrx_word' id='word_1_196' title='bbox 729 2661 904 2733; x_wconf 79' lang='lat' dir='ltr'>astringere</span> <span class='ocrx_word' id='word_1_197' title='bbox 921 2669 1026 2734; x_wconf 86' lang='lat' dir='ltr'>questo</span> <span class='ocrx_word' id='word_1_198' title='bbox 1039 2660 1178 2733; x_wconf 87' lang='lat' dir='ltr'>negocio,</span> <span class='ocrx_word' id='word_1_199' title='bbox 1194 2659 1311 2732; x_wconf 87' lang='lat' dir='ltr'>quando</span> <span class='ocrx_word' id='word_1_200' title='bbox 1324 2660 1351 2715; x_wconf 91' lang='lat' dir='ltr'>ci</span> <span class='ocrx_word' id='word_1_201' title='bbox 1370 2659 1435 2715; x_wconf 79' lang='lat' dir='ltr'>sard</span> <span class='ocrx_word' id='word_1_202' title='bbox 1452 2663 1481 2716; x_wconf 92' lang='lat' dir='ltr'>la</span> 
     </span>
     <span class='ocr_line' id='line_1_20' title="bbox 249 2747 1481 2824; baseline -0.002 -19"><span class='ocrx_word' id='word_1_203' title='bbox 249 2747 442 2819; x_wconf 76' lang='lat' dir='ltr'>commoditl3</span> <span class='ocrx_word' id='word_1_204' title='bbox 456 2757 488 2805; x_wconf 84' lang='lat' dir='ltr'>et</span> <span class='ocrx_word' id='word_1_205' title='bbox 499 2749 525 2806; x_wconf 88' lang='lat' dir='ltr'>si</span> <span class='ocrx_word' id='word_1_206' title='bbox 538 2749 596 2822; x_wconf 83' lang='lat' dir='ltr'>pub</span> <span class='ocrx_word' id='word_1_207' title='bbox 608 2751 729 2806; x_wconf 90' lang='lat' dir='ltr'>credere</span> <span class='ocrx_word' id='word_1_208' title='bbox 740 2751 795 2806; x_wconf 88' lang='lat' dir='ltr'>che</span> <span class='ocrx_word' id='word_1_209' title='bbox 808 2767 860 2824; x_wconf 88' lang='lat' dir='ltr'>per</span> <span class='ocrx_word' id='word_1_210' title='bbox 872 2751 941 2824; x_wconf 88' lang='lat' dir='ltr'>quel</span> <span class='ocrx_word' id='word_1_211' title='bbox 954 2750 1009 2807; x_wconf 88' lang='lat' dir='ltr'>che</span> <span class='ocrx_word' id='word_1_212' title='bbox 1026 2750 1170 2805; x_wconf 88' lang='lat' dir='ltr'>conuiene</span> <span class='ocrx_word' id='word_1_213' title='bbox 1188 2767 1206 2805; x_wconf 89' lang='lat' dir='ltr'>a</span> <span class='ocrx_word' id='word_1_214' title='bbox 1222 2750 1284 2803; x_wconf 89' lang='lat' dir='ltr'>loro</span> <span class='ocrx_word' id='word_1_215' title='bbox 1297 2756 1374 2805; x_wconf 87' lang='lat' dir='ltr'>stato</span> <span class='ocrx_word' id='word_1_216' title='bbox 1392 2766 1426 2804; x_wconf 91' lang='lat' dir='ltr'>se</span> <span class='ocrx_word' id='word_1_217' title='bbox 1442 2749 1481 2804; x_wconf 92' lang='lat' dir='ltr'>ri·</span> 
     </span>
     <span class='ocr_line' id='line_1_21' title="bbox 248 2836 1480 2913; baseline -0.002 -19"><span class='ocrx_word' id='word_1_218' title='bbox 248 2841 430 2894; x_wconf 85' lang='lat' dir='ltr'>solneranno</span> <span class='ocrx_word' id='word_1_219' title='bbox 441 2856 481 2894; x_wconf 89' lang='lat' dir='ltr'>un</span> <span class='ocrx_word' id='word_1_220' title='bbox 493 2837 523 2894; x_wconf 91' lang='lat' dir='ltr'>di</span> <span class='ocrx_word' id='word_1_221' title='bbox 536 2838 573 2894; x_wconf 92' lang='lat' dir='ltr'>de</span> <span class='ocrx_word' id='word_1_222' title='bbox 586 2838 717 2895; x_wconf 86' lang='lat' dir='ltr'>stabilire</span> <span class='ocrx_word' id='word_1_223' title='bbox 734 2840 831 2913; x_wconf 87' lang='lat' dir='ltr'>quest&#39;</span> <span class='ocrx_word' id='word_1_224' title='bbox 845 2855 963 2910; x_wconf 84' lang='lat' dir='ltr'>opere.»</span> <span class='ocrx_word' id='word_1_225' title='bbox 976 2839 1021 2893; x_wconf 87' lang='lat' dir='ltr'>Ex</span> <span class='ocrx_word' id='word_1_226' title='bbox 1033 2837 1157 2910; x_wconf 87' lang='lat' dir='ltr'>epistola</span> <span class='ocrx_word' id='word_1_227' title='bbox 1169 2838 1291 2894; x_wconf 84' lang='lat' dir='ltr'>Polanci</span> <span class='ocrx_word' id='word_1_228' title='bbox 1301 2837 1338 2893; x_wconf 91' lang='lat' dir='ltr'>ad</span> <span class='ocrx_word' id='word_1_229' title='bbox 1348 2839 1381 2894; x_wconf 90' lang='lat' dir='ltr'>P.</span> <span class='ocrx_word' id='word_1_230' title='bbox 1393 2836 1480 2894; x_wconf 89' lang='lat' dir='ltr'>Cani·</span> 
     </span>
     <span class='ocr_line' id='line_1_22' title="bbox 249 2925 1480 3000; baseline 0 -18"><span class='ocrx_word' id='word_1_231' title='bbox 249 2927 342 2998; x_wconf 86' lang='lat' dir='ltr'>sium,</span> <span class='ocrx_word' id='word_1_232' title='bbox 354 2925 501 2997; x_wconf 86' lang='lat' dir='ltr'>Tridenti,</span> <span class='ocrx_word' id='word_1_233' title='bbox 514 2927 531 2982; x_wconf 92' lang='lat'>8</span> <span class='ocrx_word' id='word_1_234' title='bbox 543 2928 715 2984; x_wconf 78' lang='lat' dir='ltr'>Decembris</span> <span class='ocrx_word' id='word_1_235' title='bbox 728 2928 807 2998; x_wconf 90' lang='grc'><strong>1562,</strong></span> <span class='ocrx_word' id='word_1_236' title='bbox 819 2927 897 2983; x_wconf 84' lang='lat' dir='ltr'>data.</span> <span class='ocrx_word' id='word_1_237' title='bbox 911 2927 983 2983; x_wconf 85' lang='lat' dir='ltr'>Cod.</span> <span class='ocrx_word' id='word_1_238' title='bbox 996 2942 1029 2999; x_wconf 77' lang='lat'>33</span> <span class='ocrx_word' id='word_1_239' title='bbox 1042 2928 1083 2998; x_wconf 88' lang='lat' dir='ltr'>c),</span> <span class='ocrx_word' id='word_1_240' title='bbox 1097 2926 1131 2984; x_wconf 78' lang='lat' dir='ltr'>ff.</span> <span class='ocrx_word' id='word_1_241' title='bbox 1148 2940 1194 2998; x_wconf 94' lang='grc'>91,</span> <span class='ocrx_word' id='word_1_242' title='bbox 1207 2942 1256 2999; x_wconf 88' lang='grc'><strong>92.</strong></span> <span class='ocrx_word' id='word_1_243' title='bbox 1275 2927 1359 2983; x_wconf 88' lang='lat' dir='ltr'>Hanc</span> <span class='ocrx_word' id='word_1_244' title='bbox 1372 2927 1480 3000; x_wconf 89' lang='lat' dir='ltr'>episto-</span> 
     </span>
     <span class='ocr_line' id='line_1_23' title="bbox 251 3015 1479 3089; baseline 0.001 -19"><span class='ocrx_word' id='word_1_245' title='bbox 251 3019 312 3071; x_wconf 86' lang='lat' dir='ltr'>lam</span> <span class='ocrx_word' id='word_1_246' title='bbox 334 3015 481 3086; x_wconf 87' lang='lat' dir='ltr'>integram</span> <span class='ocrx_word' id='word_1_247' title='bbox 503 3033 541 3071; x_wconf 89' lang='lat' dir='ltr'>ex</span> <span class='ocrx_word' id='word_1_248' title='bbox 562 3017 667 3072; x_wconf 86' lang='lat' dir='ltr'>eodem</span> <span class='ocrx_word' id='word_1_249' title='bbox 688 3017 789 3073; x_wconf 88' lang='lat' dir='ltr'>codice</span> <span class='ocrx_word' id='word_1_250' title='bbox 814 3016 1017 3089; x_wconf 81' lang='lat' dir='ltr'>depromptam</span> <span class='ocrx_word' id='word_1_251' title='bbox 1039 3018 1130 3073; x_wconf 87' lang='lat' dir='ltr'>habes</span> <span class='ocrx_word' id='word_1_252' title='bbox 1154 3017 1186 3071; x_wconf 92' lang='lat' dir='ltr'>in</span> <span class='ocrx_word' id='word_1_253' title='bbox 1209 3018 1479 3088; x_wconf 71' lang='lat' dir='ltr'>anuusnsnexx,</span> 
     </span>
     <span class='ocr_line' id='line_1_24' title="bbox 250 3103 1478 3178; baseline 0 -16"><span class='ocrx_word' id='word_1_254' title='bbox 250 3107 310 3162; x_wconf 92' lang='lat' dir='ltr'>loc.</span> <span class='ocrx_word' id='word_1_255' title='bbox 322 3103 395 3175; x_wconf 88' lang='lat' dir='ltr'>cit.,</span> <span class='ocrx_word' id='word_1_256' title='bbox 409 3105 464 3177; x_wconf 92' lang='lat'>111,</span> <span class='ocrx_word' id='word_1_257' title='bbox 477 3117 606 3177; x_wconf 72' lang='grc'><strong>555559.</strong></span> <span class='ocrx_word' id='word_1_258' title='bbox 628 3103 676 3162; x_wconf 80' lang='lat' dir='ltr'>Cf.</span> <span class='ocrx_word' id='word_1_259' title='bbox 694 3105 803 3162; x_wconf 86' lang='lat' dir='ltr'>ibidem</span> <span class='ocrx_word' id='word_1_260' title='bbox 819 3106 1039 3162; x_wconf 84' lang='lat' dir='ltr'>annotationem</span> <span class='ocrx_word' id='word_1_261' title='bbox 1060 3114 1250 3161; x_wconf 90' lang='lat' dir='ltr'>monumento</span> <span class='ocrx_word' id='word_1_262' title='bbox 1267 3105 1319 3174; x_wconf 85' lang='grc'>298</span> <span class='ocrx_word' id='word_1_263' title='bbox 1336 3103 1478 3178; x_wconf 83' lang='lat' dir='ltr'>additam,</span> 
     </span>
     <span class='ocr_line' id='line_1_25' title="bbox 252 3191 1479 3266; baseline 0.002 -19"><span class='ocrx_word' id='word_1_264' title='bbox 252 3209 348 3266; x_wconf 87' lang='lat' dir='ltr'>pagg.</span> <span class='ocrx_word' id='word_1_265' title='bbox 364 3191 429 3264; x_wconf 86' lang='lat'>686,</span> <span class='ocrx_word' id='word_1_266' title='bbox 442 3192 506 3265; x_wconf 87' lang='grc'><strong>687,</strong></span> <span class='ocrx_word' id='word_1_267' title='bbox 520 3195 571 3249; x_wconf 92' lang='lat' dir='ltr'>ubi</span> <span class='ocrx_word' id='word_1_268' title='bbox 584 3193 767 3250; x_wconf 86' lang='lat' dir='ltr'>haecomnia</span> <span class='ocrx_word' id='word_1_269' title='bbox 780 3193 868 3250; x_wconf 85' lang='lat' dir='ltr'>variis</span> <span class='ocrx_word' id='word_1_270' title='bbox 885 3193 1070 3250; x_wconf 71' lang='lat' dir='ltr'>documentis</span> <span class='ocrx_word' id='word_1_271' title='bbox 1087 3193 1280 3249; x_wconf 85' lang='lat' dir='ltr'>illustrantur.</span> <span class='ocrx_word' id='word_1_272' title='bbox 1294 3191 1370 3250; x_wconf 84' lang='lat' dir='ltr'>Vide</span> <span class='ocrx_word' id='word_1_273' title='bbox 1390 3193 1479 3249; x_wconf 87' lang='lat' dir='ltr'>etiam</span> 
     </span>
     <span class='ocr_line' id='line_1_26' title="bbox 249 3282 721 3354; baseline 0 -16"><span class='ocrx_word' id='word_1_274' title='bbox 249 3297 353 3354; x_wconf 88' lang='lat' dir='ltr'>supra,</span> <span class='ocrx_word' id='word_1_275' title='bbox 364 3282 456 3354; x_wconf 86' lang='lat' dir='ltr'>epist.</span> <span class='ocrx_word' id='word_1_276' title='bbox 473 3295 537 3354; x_wconf 84' lang='lat'>227,</span> <span class='ocrx_word' id='word_1_277' title='bbox 550 3301 604 3338; x_wconf 90' lang='lat' dir='ltr'>nn.</span> <span class='ocrx_word' id='word_1_278' title='bbox 623 3295 636 3338; x_wconf 90' lang='lat'>1</span> <span class='ocrx_word' id='word_1_279' title='bbox 651 3290 681 3338; x_wconf 87' lang='lat' dir='ltr'>et</span> <span class='ocrx_word' id='word_1_280' title='bbox 695 3297 721 3338; x_wconf 91' lang='lat'>2.</span> 
     </span>
    </p>

    <p class='ocr_par' dir='ltr' id='par_1_6' title="bbox 245 3370 1480 3534">
     <span class='ocr_line' id='line_1_27' title="bbox 300 3370 1480 3446; baseline 0.003 -21"><span class='ocrx_word' id='word_1_281' title='bbox 300 3373 313 3406; x_wconf 69' lang='lat'>³</span> <span class='ocrx_word' id='word_1_282' title='bbox 352 3371 482 3443; x_wconf 87' lang='lat' dir='ltr'>Joannes</span> <span class='ocrx_word' id='word_1_283' title='bbox 495 3370 615 3436; x_wconf 86' lang='lat' dir='ltr'>Fabius,</span> <span class='ocrx_word' id='word_1_284' title='bbox 628 3370 830 3428; x_wconf 87' lang='lat' dir='ltr'>dionantensis</span> <span class='ocrx_word' id='word_1_285' title='bbox 842 3371 915 3443; x_wconf 84' lang='lat' dir='ltr'>init,</span> <span class='ocrx_word' id='word_1_286' title='bbox 933 3380 966 3428; x_wconf 92' lang='lat' dir='ltr'>ut</span> <span class='ocrx_word' id='word_1_287' title='bbox 984 3371 1048 3444; x_wconf 88' lang='lat' dir='ltr'>ipse</span> <span class='ocrx_word' id='word_1_288' title='bbox 1067 3372 1098 3428; x_wconf 90' lang='lat' dir='ltr'>in</span> <span class='ocrx_word' id='word_1_289' title='bbox 1116 3373 1251 3428; x_wconf 85' lang='lat' dir='ltr'>examine</span> <span class='ocrx_word' id='word_1_290' title='bbox 1268 3372 1399 3446; x_wconf 90' lang='lat' dir='ltr'>scripsit.</span> <span class='ocrx_word' id='word_1_291' title='bbox 1422 3373 1480 3428; x_wconf 89' lang='lat' dir='ltr'>Hic</span> 
     </span>
     <span class='ocr_line' id='line_1_28' title="bbox 245 3458 1478 3534; baseline 0.002 -20"><span class='ocrx_word' id='word_1_292' title='bbox 245 3467 348 3514; x_wconf 87' lang='lat' dir='ltr'>autem</span> <span class='ocrx_word' id='word_1_293' title='bbox 362 3458 539 3516; x_wconf 89' lang='lat' dir='ltr'>coloniensis</span> <span class='ocrx_word' id='word_1_294' title='bbox 557 3460 625 3515; x_wconf 92' lang='lat' dir='ltr'>ideo</span> <span class='ocrx_word' id='word_1_295' title='bbox 637 3459 668 3515; x_wconf 89' lang='lat' dir='ltr'>ui</span> <span class='ocrx_word' id='word_1_296' title='bbox 680 3459 806 3516; x_wconf 78' lang='lat' dir='ltr'>fallimur</span> <span class='ocrx_word' id='word_1_297' title='bbox 819 3468 950 3530; x_wconf 85' lang='lat' dir='ltr'>vocatur,</span> <span class='ocrx_word' id='word_1_298' title='bbox 964 3460 1043 3534; x_wconf 91' lang='lat' dir='ltr'>quod</span> <span class='ocrx_word' id='word_1_299' title='bbox 1055 3470 1122 3534; x_wconf 92' lang='lat' dir='ltr'>post</span> <span class='ocrx_word' id='word_1_300' title='bbox 1134 3461 1198 3534; x_wconf 90' lang='lat' dir='ltr'>ejus</span> <span class='ocrx_word' id='word_1_301' title='bbox 1208 3462 1374 3532; x_wconf 89' lang='lat' dir='ltr'>ingressum</span> <span class='ocrx_word' id='word_1_302' title='bbox 1386 3462 1416 3517; x_wconf 90' lang='lat' dir='ltr'>in</span> <span class='ocrx_word' id='word_1_303' title='bbox 1427 3461 1478 3516; x_wconf 90' lang='lat' dir='ltr'>So·</span> 
     </span>
    </p>
   </div>
   <div class='ocr_carea' id='block_1_4' title="bbox 150 3547 1478 3623">
    <p class='ocr_par' dir='ltr' id='par_1_7' title="bbox 150 3547 1478 3623">
     <span class='ocr_line' id='line_1_29' title="bbox 150 3547 1478 3623; baseline 0.004 -21"><span class='ocrx_word' id='word_1_304' title='bbox 150 3594 153 3602; x_wconf 90' lang='lat'><strong>.</strong></span> <span class='ocrx_word' id='word_1_305' title='bbox 243 3549 388 3604; x_wconf 88' lang='lat' dir='ltr'>cietatem</span> <span class='ocrx_word' id='word_1_306' title='bbox 405 3547 546 3604; x_wconf 87' lang='lat' dir='ltr'>Coloniae</span> <span class='ocrx_word' id='word_1_307' title='bbox 566 3565 682 3621; x_wconf 88' lang='lat' dir='ltr'>semper</span> <span class='ocrx_word' id='word_1_308' title='bbox 699 3548 807 3604; x_wconf 87' lang='lat' dir='ltr'>mansit</span> <span class='ocrx_word' id='word_1_309' title='bbox 824 3548 918 3604; x_wconf 88' lang='lat' dir='ltr'>donec</span> <span class='ocrx_word' id='word_1_310' title='bbox 935 3550 1092 3606; x_wconf 81' lang='lat' dir='ltr'>Romania</span> <span class='ocrx_word' id='word_1_311' title='bbox 1109 3550 1208 3607; x_wconf 84' lang='lat' dir='ltr'>Natali</span> <span class='ocrx_word' id='word_1_312' title='bbox 1222 3551 1330 3607; x_wconf 90' lang='lat' dir='ltr'>missus</span> <span class='ocrx_word' id='word_1_313' title='bbox 1343 3560 1400 3623; x_wconf 86' lang='lat' dir='ltr'>est,</span> <span class='ocrx_word' id='word_1_314' title='bbox 1421 3553 1478 3607; x_wconf 91' lang='lat' dir='ltr'>sub</span> 
     </span>
    </p>
   </div>
   <div class='ocr_carea' id='block_1_5' title="bbox 244 3636 1481 4774">
    <p class='ocr_par' dir='ltr' id='par_1_8' title="bbox 244 3636 996 3710">
     <span class='ocr_line' id='line_1_30' title="bbox 244 3636 996 3710; baseline 0.001 -18"><span class='ocrx_word' id='word_1_315' title='bbox 244 3637 339 3692; x_wconf 84' lang='lat' dir='ltr'>finem</span> <span class='ocrx_word' id='word_1_316' title='bbox 350 3636 479 3707; x_wconf 83' lang='lat' dir='ltr'>Augusti</span> <span class='ocrx_word' id='word_1_317' title='bbox 494 3636 577 3706; x_wconf 90' lang='grc'><strong>1562.</strong></span> <span class='ocrx_word' id='word_1_318' title='bbox 594 3636 671 3693; x_wconf 91' lang='lat' dir='ltr'>Vide</span> <span class='ocrx_word' id='word_1_319' title='bbox 682 3636 885 3710; x_wconf 86' lang='lat' dir='ltr'>appendicem,</span> <span class='ocrx_word' id='word_1_320' title='bbox 898 3655 929 3694; x_wconf 91' lang='lat' dir='ltr'>n.</span> <span class='ocrx_word' id='word_1_321' title='bbox 941 3638 996 3695; x_wconf 90' lang='lat' dir='ltr'>IX.</span> 
     </span>
    </p>

    <p class='ocr_par' dir='ltr' id='par_1_9' title="bbox 244 3725 1479 3975">
     <span class='ocr_line' id='line_1_31' title="bbox 303 3725 1479 3802; baseline 0.006 -23"><span class='ocrx_word' id='word_1_322' title='bbox 303 3726 316 3759; x_wconf 80' lang='lat'>⁸</span> <span class='ocrx_word' id='word_1_323' title='bbox 353 3726 482 3796; x_wconf 87' lang='lat' dir='ltr'>Jacobus</span> <span class='ocrx_word' id='word_1_324' title='bbox 493 3725 540 3781; x_wconf 90' lang='lat' dir='ltr'>hic</span> <span class='ocrx_word' id='word_1_325' title='bbox 550 3726 727 3782; x_wconf 85' lang='lat' dir='ltr'>coloniensis</span> <span class='ocrx_word' id='word_1_326' title='bbox 737 3725 861 3782; x_wconf 86' lang='lat' dir='ltr'>iortasse</span> <span class='ocrx_word' id='word_1_327' title='bbox 870 3735 917 3782; x_wconf 92' lang='lat' dir='ltr'>est</span> <span class='ocrx_word' id='word_1_328' title='bbox 926 3727 977 3783; x_wconf 90' lang='lat' dir='ltr'>ille</span> <span class='ocrx_word' id='word_1_329' title='bbox 987 3727 1330 3802; x_wconf 84' lang='lat' dir='ltr'>JacobusMilntz,quem</span> <span class='ocrx_word' id='word_1_330' title='bbox 1341 3729 1372 3786; x_wconf 91' lang='lat' dir='ltr'>in</span> <span class='ocrx_word' id='word_1_331' title='bbox 1383 3730 1479 3802; x_wconf 78' lang='lat' dir='ltr'>Ephe·</span> 
     </span>
     <span class='ocr_line' id='line_1_32' title="bbox 244 3813 1479 3889; baseline 0.004 -22"><span class='ocrx_word' id='word_1_332' title='bbox 244 3813 534 3885; x_wconf 65' lang='lat' dir='ltr'>madibusnupra,</span> <span class='ocrx_word' id='word_1_333' title='bbox 548 3830 615 3884; x_wconf 86' lang='lat' dir='ltr'>pag.</span> <span class='ocrx_word' id='word_1_334' title='bbox 628 3817 676 3884; x_wconf 89' lang='grc'>97)</span> <span class='ocrx_word' id='word_1_335' title='bbox 685 3813 726 3870; x_wconf 89' lang='lat' dir='ltr'>ait</span> <span class='ocrx_word' id='word_1_336' title='bbox 739 3813 852 3870; x_wconf 87' lang='lat' dir='ltr'>Natalis</span> <span class='ocrx_word' id='word_1_337' title='bbox 862 3831 963 3870; x_wconf 91' lang='lat' dir='ltr'>secum</span> <span class='ocrx_word' id='word_1_338' title='bbox 972 3815 1095 3871; x_wconf 90' lang='lat' dir='ltr'>Colonia</span> <span class='ocrx_word' id='word_1_339' title='bbox 1104 3814 1254 3886; x_wconf 83' lang='lat' dir='ltr'>eduxisse,</span> <span class='ocrx_word' id='word_1_340' title='bbox 1267 3823 1298 3872; x_wconf 91' lang='lat' dir='ltr'>et</span> <span class='ocrx_word' id='word_1_341' title='bbox 1307 3825 1411 3889; x_wconf 88' lang='lat' dir='ltr'>postea</span> <span class='ocrx_word' id='word_1_342' title='bbox 1421 3817 1479 3872; x_wconf 91' lang='lat' dir='ltr'>Ro·</span> 
     </span>
     <span class='ocr_line' id='line_1_33' title="bbox 250 3899 1076 3975; baseline 0.002 -19"><span class='ocrx_word' id='word_1_343' title='bbox 250 3917 333 3956; x_wconf 88' lang='lat' dir='ltr'>mam</span> <span class='ocrx_word' id='word_1_344' title='bbox 345 3899 473 3956; x_wconf 86' lang='lat' dir='ltr'>misisse.</span> <span class='ocrx_word' id='word_1_345' title='bbox 488 3903 535 3957; x_wconf 89' lang='lat' dir='ltr'>De</span> <span class='ocrx_word' id='word_1_346' title='bbox 548 3918 584 3958; x_wconf 94' lang='lat' dir='ltr'>eo</span> <span class='ocrx_word' id='word_1_347' title='bbox 596 3919 693 3958; x_wconf 91' lang='lat' dir='ltr'>sermo</span> <span class='ocrx_word' id='word_1_348' title='bbox 705 3901 782 3958; x_wconf 91' lang='lat' dir='ltr'>redit</span> <span class='ocrx_word' id='word_1_349' title='bbox 793 3902 825 3958; x_wconf 90' lang='lat' dir='ltr'>in</span> <span class='ocrx_word' id='word_1_350' title='bbox 837 3901 1010 3975; x_wconf 86' lang='lat' dir='ltr'>appendice,</span> <span class='ocrx_word' id='word_1_351' title='bbox 1024 3903 1076 3959; x_wconf 89' lang='lat' dir='ltr'>IX.</span> 
     </span>
    </p>

    <p class='ocr_par' dir='ltr' id='par_1_10' title="bbox 244 3988 1476 4153">
     <span class='ocr_line' id='line_1_34' title="bbox 302 3988 1476 4066; baseline 0.005 -22"><span class='ocrx_word' id='word_1_352' title='bbox 302 3992 315 4024; x_wconf 83' lang='lat'><strong>⁴</strong></span> <span class='ocrx_word' id='word_1_353' title='bbox 351 3988 387 4044; x_wconf 88' lang='lat' dir='ltr'>P.</span> <span class='ocrx_word' id='word_1_354' title='bbox 401 3989 573 4047; x_wconf 85' lang='lat' dir='ltr'>Edmundus</span> <span class='ocrx_word' id='word_1_355' title='bbox 586 3991 746 4064; x_wconf 78' lang='lat' dir='ltr'>Augerius,</span> <span class='ocrx_word' id='word_1_356' title='bbox 763 3991 801 4046; x_wconf 90' lang='lat' dir='ltr'>de</span> <span class='ocrx_word' id='word_1_357' title='bbox 818 4009 876 4065; x_wconf 89' lang='lat' dir='ltr'>quo</span> <span class='ocrx_word' id='word_1_358' title='bbox 895 3991 1012 4064; x_wconf 88' lang='lat' dir='ltr'>saepius</span> <span class='ocrx_word' id='word_1_359' title='bbox 1029 4000 1127 4048; x_wconf 89' lang='lat' dir='ltr'>actum</span> <span class='ocrx_word' id='word_1_360' title='bbox 1141 4001 1188 4049; x_wconf 87' lang='lat' dir='ltr'>est</span> <span class='ocrx_word' id='word_1_361' title='bbox 1202 3993 1232 4049; x_wconf 91' lang='lat' dir='ltr'>in</span> <span class='ocrx_word' id='word_1_362' title='bbox 1241 3993 1344 4066; x_wconf 69' lang='lat' dir='ltr'>Epist.</span> <span class='ocrx_word' id='word_1_363' title='bbox 1358 3993 1476 4060; x_wconf 67' lang='lat' dir='ltr'>Naial„</span> 
     </span>
     <span class='ocr_line' id='line_1_35' title="bbox 244 4077 1068 4153; baseline 0.005 -21"><span class='ocrx_word' id='word_1_364' title='bbox 244 4079 313 4134; x_wconf 82' lang='lat' dir='ltr'>vol.</span> <span class='ocrx_word' id='word_1_365' title='bbox 330 4077 356 4150; x_wconf 91' lang='lat' dir='ltr'>l,</span> <span class='ocrx_word' id='word_1_366' title='bbox 370 4077 421 4133; x_wconf 91' lang='lat' dir='ltr'>ubi</span> <span class='ocrx_word' id='word_1_367' title='bbox 434 4078 499 4150; x_wconf 89' lang='lat' dir='ltr'>ejus</span> <span class='ocrx_word' id='word_1_368' title='bbox 511 4096 636 4136; x_wconf 84' lang='lat' dir='ltr'>examen</span> <span class='ocrx_word' id='word_1_369' title='bbox 649 4079 804 4153; x_wconf 89' lang='lat' dir='ltr'>reperitur,</span> <span class='ocrx_word' id='word_1_370' title='bbox 817 4095 908 4152; x_wconf 82' lang='lat' dir='ltr'>pagg.</span> <span class='ocrx_word' id='word_1_371' title='bbox 924 4091 989 4150; x_wconf 91' lang='lat'>740,</span> <span class='ocrx_word' id='word_1_372' title='bbox 1002 4092 1068 4152; x_wconf 89' lang='lat'>741.</span> 
     </span>
    </p>

    <p class='ocr_par' dir='ltr' id='par_1_11' title="bbox 304 4167 1132 4242">
     <span class='ocr_line' id='line_1_36' title="bbox 304 4167 1132 4242; baseline 0.005 -19"><span class='ocrx_word' id='word_1_373' title='bbox 304 4169 316 4202; x_wconf 82' lang='lat'>⁵</span> <span class='ocrx_word' id='word_1_374' title='bbox 353 4167 501 4240; x_wconf 83' lang='lat' dir='ltr'>Excerpta</span> <span class='ocrx_word' id='word_1_375' title='bbox 513 4184 551 4224; x_wconf 84' lang='lat' dir='ltr'>ex</span> <span class='ocrx_word' id='word_1_376' title='bbox 564 4167 629 4242; x_wconf 88' lang='lat' dir='ltr'>ejus</span> <span class='ocrx_word' id='word_1_377' title='bbox 642 4169 777 4226; x_wconf 83' lang='lat' dir='ltr'>examine</span> <span class='ocrx_word' id='word_1_378' title='bbox 789 4167 858 4225; x_wconf 90' lang='lat' dir='ltr'>vide</span> <span class='ocrx_word' id='word_1_379' title='bbox 875 4169 906 4226; x_wconf 90' lang='lat' dir='ltr'>in</span> <span class='ocrx_word' id='word_1_380' title='bbox 918 4168 1089 4242; x_wconf 86' lang='lat' dir='ltr'>appendice,</span> <span class='ocrx_word' id='word_1_381' title='bbox 1105 4171 1132 4227; x_wconf 94' lang='lat'>1.</span> 
     </span>
    </p>

    <p class='ocr_par' dir='ltr' id='par_1_12' title="bbox 244 4254 1479 4422">
     <span class='ocr_line' id='line_1_37' title="bbox 302 4254 1479 4332; baseline 0.007 -22"><span class='ocrx_word' id='word_1_382' title='bbox 302 4257 316 4290; x_wconf 80' lang='lat'>⁸</span> <span class='ocrx_word' id='word_1_383' title='bbox 352 4256 387 4310; x_wconf 93' lang='lat' dir='ltr'>P.</span> <span class='ocrx_word' id='word_1_384' title='bbox 402 4254 577 4314; x_wconf 80' lang='lat' dir='ltr'>Paschasius</span> <span class='ocrx_word' id='word_1_385' title='bbox 587 4258 685 4314; x_wconf 69' lang='lat' dir='ltr'>Broet.</span> <span class='ocrx_word' id='word_1_386' title='bbox 700 4257 776 4314; x_wconf 89' lang='lat' dir='ltr'>Vide</span> <span class='ocrx_word' id='word_1_387' title='bbox 791 4258 889 4332; x_wconf 76' lang='lat' dir='ltr'>Epist.</span> <span class='ocrx_word' id='word_1_388' title='bbox 903 4257 1020 4324; x_wconf 74' lang='lat' dir='ltr'>Natat,</span> <span class='ocrx_word' id='word_1_389' title='bbox 1032 4271 1095 4329; x_wconf 87' lang='lat'>517,</span> <span class='ocrx_word' id='word_1_390' title='bbox 1108 4257 1173 4332; x_wconf 82' lang='lat'>738,</span> <span class='ocrx_word' id='word_1_391' title='bbox 1186 4271 1317 4332; x_wconf 83' lang='lat'>749-751.</span> <span class='ocrx_word' id='word_1_392' title='bbox 1333 4261 1403 4317; x_wconf 89' lang='lat' dir='ltr'>Vita</span> <span class='ocrx_word' id='word_1_393' title='bbox 1414 4259 1479 4318; x_wconf 75' lang='grc'><strong>11111-</strong></span> 
     </span>
     <span class='ocr_line' id='line_1_38' title="bbox 244 4343 1264 4422; baseline 0.007 -22"><span class='ocrx_word' id='word_1_394' title='bbox 244 4353 320 4400; x_wconf 85' lang='lat' dir='ltr'>ctus</span> <span class='ocrx_word' id='word_1_395' title='bbox 332 4343 390 4400; x_wconf 86' lang='lat' dir='ltr'>fuit</span> <span class='ocrx_word' id='word_1_396' title='bbox 405 4357 438 4414; x_wconf 86' lang='lat'>14</span> <span class='ocrx_word' id='word_1_397' title='bbox 450 4345 633 4418; x_wconf 87' lang='lat' dir='ltr'>Septembris</span> <span class='ocrx_word' id='word_1_398' title='bbox 648 4347 729 4417; x_wconf 88' lang='grc'><strong>1562.</strong></span> <span class='ocrx_word' id='word_1_399' title='bbox 748 4346 824 4403; x_wconf 88' lang='lat' dir='ltr'>Vide</span> <span class='ocrx_word' id='word_1_400' title='bbox 837 4347 1002 4418; x_wconf 77' lang='grc'><strong>8400111111,</strong></span> <span class='ocrx_word' id='word_1_401' title='bbox 1017 4350 1075 4404; x_wconf 92' lang='lat' dir='ltr'>loc.</span> <span class='ocrx_word' id='word_1_402' title='bbox 1091 4349 1156 4420; x_wconf 70' lang='lat' dir='ltr'>cit,</span> <span class='ocrx_word' id='word_1_403' title='bbox 1170 4368 1199 4406; x_wconf 90' lang='grc'>11.</span> <span class='ocrx_word' id='word_1_404' title='bbox 1214 4365 1264 4422; x_wconf 88' lang='lat'>92.</span> 
     </span>
    </p>

    <p class='ocr_par' dir='ltr' id='par_1_13' title="bbox 250 4431 1481 4595">
     <span class='ocr_line' id='line_1_39' title="bbox 308 4431 1481 4510; baseline 0.005 -19"><span class='ocrx_word' id='word_1_405' title='bbox 308 4437 320 4468; x_wconf 70' lang='lat'>³</span> <span class='ocrx_word' id='word_1_406' title='bbox 358 4431 438 4491; x_wconf 89' lang='lat' dir='ltr'>Otho</span> <span class='ocrx_word' id='word_1_407' title='bbox 451 4433 611 4506; x_wconf 87' lang='lat' dir='ltr'>Briamont,</span> <span class='ocrx_word' id='word_1_408' title='bbox 624 4434 733 4508; x_wconf 91' lang='lat' dir='ltr'>dequo</span> <span class='ocrx_word' id='word_1_409' title='bbox 750 4435 818 4492; x_wconf 89' lang='lat' dir='ltr'>vide</span> <span class='ocrx_word' id='word_1_410' title='bbox 831 4437 928 4510; x_wconf 73' lang='lat' dir='ltr'>Epist.</span> <span class='ocrx_word' id='word_1_411' title='bbox 944 4437 1061 4504; x_wconf 69' lang='lat' dir='ltr'>Natat„</span> <span class='ocrx_word' id='word_1_412' title='bbox 1076 4438 1100 4510; x_wconf 94' lang='lat'>1,</span> <span class='ocrx_word' id='word_1_413' title='bbox 1114 4450 1178 4510; x_wconf 87' lang='lat'>749,</span> <span class='ocrx_word' id='word_1_414' title='bbox 1190 4451 1257 4510; x_wconf 90' lang='grc'><strong>751.</strong></span> <span class='ocrx_word' id='word_1_415' title='bbox 1270 4437 1418 4500; x_wconf 86' lang='lat' dir='ltr'>Occubuit</span> <span class='ocrx_word' id='word_1_416' title='bbox 1431 4457 1481 4497; x_wconf 83' lang='lat' dir='ltr'>au-</span> 
     </span>
     <span class='ocr_line' id='line_1_40' title="bbox 250 4519 663 4595; baseline 0.002 -17"><span class='ocrx_word' id='word_1_417' title='bbox 250 4531 316 4578; x_wconf 86' lang='lat' dir='ltr'>tem</span> <span class='ocrx_word' id='word_1_418' title='bbox 328 4519 379 4576; x_wconf 89' lang='lat' dir='ltr'>die</span> <span class='ocrx_word' id='word_1_419' title='bbox 392 4535 428 4593; x_wconf 83' lang='lat'>²9</span> <span class='ocrx_word' id='word_1_420' title='bbox 440 4522 568 4595; x_wconf 79' lang='lat' dir='ltr'>Augusti</span> <span class='ocrx_word' id='word_1_421' title='bbox 583 4524 663 4593; x_wconf 87' lang='grc'><strong>1562.</strong></span> 
     </span>
    </p>

    <p class='ocr_par' dir='ltr' id='par_1_14' title="bbox 246 4609 1478 4774">
     <span class='ocr_line' id='line_1_41' title="bbox 306 4609 1478 4689; baseline 0.009 -23"><span class='ocrx_word' id='word_1_422' title='bbox 306 4609 320 4644; x_wconf 88' lang='lat'>⁸</span> <span class='ocrx_word' id='word_1_423' title='bbox 354 4610 395 4666; x_wconf 88' lang='lat' dir='ltr'>Hi</span> <span class='ocrx_word' id='word_1_424' title='bbox 404 4611 464 4667; x_wconf 92' lang='lat' dir='ltr'>duo</span> <span class='ocrx_word' id='word_1_425' title='bbox 475 4611 558 4683; x_wconf 88' lang='lat' dir='ltr'>socii,</span> <span class='ocrx_word' id='word_1_426' title='bbox 571 4614 701 4684; x_wconf 87' lang='lat' dir='ltr'>Joannes</span> <span class='ocrx_word' id='word_1_427' title='bbox 711 4613 842 4670; x_wconf 81' lang='lat' dir='ltr'>allobrox</span> <span class='ocrx_word' id='word_1_428' title='bbox 855 4620 887 4670; x_wconf 88' lang='lat' dir='ltr'>et</span> <span class='ocrx_word' id='word_1_429' title='bbox 896 4615 1026 4687; x_wconf 85' lang='lat' dir='ltr'>Joannes</span> <span class='ocrx_word' id='word_1_430' title='bbox 1035 4616 1214 4689; x_wconf 85' lang='lat' dir='ltr'>Borghesins</span> <span class='ocrx_word' id='word_1_431' title='bbox 1225 4636 1243 4673; x_wconf 86' lang='lat' dir='ltr'>a</span> <span class='ocrx_word' id='word_1_432' title='bbox 1253 4617 1397 4676; x_wconf 90' lang='lat' dir='ltr'>Sacchino</span> <span class='ocrx_word' id='word_1_433' title='bbox 1405 4635 1478 4676; x_wconf 90' lang='lat' dir='ltr'>nun-</span> 
     </span>
     <span class='ocr_line' id='line_1_42' title="bbox 246 4700 669 4774; baseline 0.002 -17"><span class='ocrx_word' id='word_1_434' title='bbox 246 4709 409 4774; x_wconf 80' lang='lat' dir='ltr'>enpantur,</span> <span class='ocrx_word' id='word_1_435' title='bbox 423 4701 482 4760; x_wconf 91' lang='lat' dir='ltr'>loc.</span> <span class='ocrx_word' id='word_1_436' title='bbox 498 4700 562 4772; x_wconf 92' lang='lat' dir='ltr'>cit.,</span> <span class='ocrx_word' id='word_1_437' title='bbox 576 4720 606 4758; x_wconf 91' lang='lat' dir='ltr'>n.</span> <span class='ocrx_word' id='word_1_438' title='bbox 620 4716 669 4774; x_wconf 91' lang='grc'><strong>92.</strong></span> 
     </span>
    </p>
   </div>
   <div class='ocr_carea' id='block_1_6' title="bbox 0 0 1771 5380">
    <p class='ocr_par' dir='ltr' id='par_1_15' title="bbox 0 0 1771 5380">
     <span class='ocr_line' id='line_1_43' title="bbox 0 0 1771 5380; baseline 0 0"><span class='ocrx_word' id='word_1_439' title='bbox 0 0 1771 5380; x_wconf 95' lang='lat' dir='ltr'> </span> 
     </span>
    </p>
   </div>
  </div>
 </body>
</html>
