<?xml version="1.0" encoding="UTF-8"?>
<!DOCTYPE html PUBLIC "-//W3C//DTD XHTML 1.0 Transitional//EN"
    "http://www.w3.org/TR/xhtml1/DTD/xhtml1-transitional.dtd">
<html xmlns="http://www.w3.org/1999/xhtml" xml:lang="en" lang="en">
 <head>
  <title>
</title>
<meta http-equiv="Content-Type" content="text/html;charset=utf-8" />
  <meta name='ocr-system' content='tesseract 3.04.00' />
  <meta name='ocr-capabilities' content='ocr_page ocr_carea ocr_par ocr_line ocrx_word'/>
</head>
<body>
  <div class='ocr_page' id='page_1' title='image "./epistolaephiero00nadagoog_0034.png"; bbox 0 0 3666 5384; ppageno 0'>
   <div class='ocr_carea' id='block_1_1' title="bbox 736 474 1498 551">
    <p class='ocr_par' dir='ltr' id='par_1_1' title="bbox 736 474 1498 551">
     <span class='ocr_line' id='line_1_1' title="bbox 736 474 1498 551; baseline -0.001 0"><span class='ocrx_word' id='word_1_1' title='bbox 736 474 752 524; x_wconf 72' lang='lat'><em>⁶</em></span> <span class='ocrx_word' id='word_1_2' title='bbox 853 479 923 551; x_wconf 79' lang='lat'>155³</span> <span class='ocrx_word' id='word_1_3' title='bbox 1480 493 1498 550; x_wconf 89' lang='lat'>7</span> 
     </span>
    </p>
   </div>
   <div class='ocr_carea' id='block_1_2' title="bbox 264 623 1500 837">
    <p class='ocr_par' dir='ltr' id='par_1_2' title="bbox 264 623 1500 837">
     <span class='ocr_line' id='line_1_2' title="bbox 264 623 1500 722; baseline 0.002 -22"><span class='ocrx_word' id='word_1_4' title='bbox 264 645 477 720; x_wconf 90' lang='lat' dir='ltr'>quapropter</span> <span class='ocrx_word' id='word_1_5' title='bbox 496 633 531 701; x_wconf 93' lang='lat' dir='ltr'>id</span> <span class='ocrx_word' id='word_1_6' title='bbox 552 623 724 718; x_wconf 83' lang='lat' dir='ltr'>censeret,</span> <span class='ocrx_word' id='word_1_7' title='bbox 747 635 907 721; x_wconf 90' lang='lat' dir='ltr'>probaret</span> <span class='ocrx_word' id='word_1_8' title='bbox 928 637 969 701; x_wconf 92' lang='lat' dir='ltr'>P.</span> <span class='ocrx_word' id='word_1_9' title='bbox 993 633 1158 722; x_wconf 89' lang='lat' dir='ltr'>Ignatius.</span> <span class='ocrx_word' id='word_1_10' title='bbox 1183 633 1298 718; x_wconf 86' lang='lat' dir='ltr'>Redijt</span> <span class='ocrx_word' id='word_1_11' title='bbox 1313 644 1391 720; x_wconf 89' lang='lat' dir='ltr'>post</span> <span class='ocrx_word' id='word_1_12' title='bbox 1410 635 1500 702; x_wconf 91' lang='lat' dir='ltr'>duos</span> 
     </span>
     <span class='ocr_line' id='line_1_3' title="bbox 268 747 1497 837; baseline 0.001 -23"><span class='ocrx_word' id='word_1_13' title='bbox 268 769 408 818; x_wconf 86' lang='lat' dir='ltr'>menses</span> <span class='ocrx_word' id='word_1_14' title='bbox 428 749 463 814; x_wconf 92' lang='lat' dir='ltr'>in</span> <span class='ocrx_word' id='word_1_15' title='bbox 490 749 640 819; x_wconf 86' lang='lat' dir='ltr'>Siciliam</span> <span class='ocrx_word' id='word_1_16' title='bbox 661 772 739 817; x_wconf 89' lang='lat' dir='ltr'>cum</span> <span class='ocrx_word' id='word_1_17' title='bbox 760 747 1074 818; x_wconf 77' lang='lat' dir='ltr'>constitutionibus,</span> <span class='ocrx_word' id='word_1_18' title='bbox 1097 751 1298 816; x_wconf 86' lang='lat' dir='ltr'>Inchoatum</span> <span class='ocrx_word' id='word_1_19' title='bbox 1314 748 1497 837; x_wconf 85' lang='lat' dir='ltr'>collegium</span> 
     </span>
    </p>
   </div>
   <div class='ocr_carea' id='block_1_3' title="bbox 268 853 1611 953">
    <p class='ocr_par' dir='ltr' id='par_1_3' title="bbox 268 853 1611 953">
     <span class='ocr_line' id='line_1_4' title="bbox 268 853 1611 953; baseline 0 -23"><span class='ocrx_word' id='word_1_20' title='bbox 268 863 477 934; x_wconf 87' lang='lat' dir='ltr'>mutinense.</span> <span class='ocrx_word' id='word_1_21' title='bbox 496 866 696 934; x_wconf 92' lang='lat' dir='ltr'>Inchoatum</span> <span class='ocrx_word' id='word_1_22' title='bbox 711 863 896 953; x_wconf 88' lang='lat' dir='ltr'>collegium</span> <span class='ocrx_word' id='word_1_23' title='bbox 912 863 1130 951; x_wconf 90' lang='lat' dir='ltr'>argentinum</span> <span class='ocrx_word' id='word_1_24' title='bbox 1142 864 1177 930; x_wconf 93' lang='lat' dir='ltr'>in</span> <span class='ocrx_word' id='word_1_25' title='bbox 1190 885 1274 952; x_wconf 90' lang='lat' dir='ltr'>agro</span> <span class='ocrx_word' id='word_1_26' title='bbox 1291 863 1497 933; x_wconf 86' lang='lat' dir='ltr'>ferrariensi.</span> <span class='ocrx_word' id='word_1_27' title='bbox 1608 853 1611 861; x_wconf 37' lang='lat'><em>¹</em></span> 
     </span>
    </p>
   </div>
   <div class='ocr_carea' id='block_1_4' title="bbox 264 978 1573 3028">
    <p class='ocr_par' dir='ltr' id='par_1_4' title="bbox 264 978 1573 3028">
     <span class='ocr_line' id='line_1_5' title="bbox 268 978 1497 1068; baseline 0.001 -21"><span class='ocrx_word' id='word_1_28' title='bbox 268 982 298 1047; x_wconf 90' lang='lat' dir='ltr'>F</span> <span class='ocrx_word' id='word_1_29' title='bbox 301 978 493 1066; x_wconf 88' lang='lat' dir='ltr'>uliginense</span> <span class='ocrx_word' id='word_1_30' title='bbox 508 981 692 1068; x_wconf 84' lang='lat' dir='ltr'>collegium</span> <span class='ocrx_word' id='word_1_31' title='bbox 705 981 914 1048; x_wconf 85' lang='lat' dir='ltr'>inchoatum.</span> <span class='ocrx_word' id='word_1_32' title='bbox 929 981 1026 1047; x_wconf 90' lang='lat' dir='ltr'>Haec</span> <span class='ocrx_word' id='word_1_33' title='bbox 1041 979 1111 1046; x_wconf 92' lang='lat' dir='ltr'>duo</span> <span class='ocrx_word' id='word_1_34' title='bbox 1126 979 1273 1068; x_wconf 88' lang='lat' dir='ltr'>collegia</span> <span class='ocrx_word' id='word_1_35' title='bbox 1284 1001 1354 1046; x_wconf 93' lang='lat' dir='ltr'>non</span> <span class='ocrx_word' id='word_1_36' title='bbox 1365 979 1497 1048; x_wconf 87' lang='lat' dir='ltr'>habue-</span> 
     </span>
     <span class='ocr_line' id='line_1_6' title="bbox 268 1093 1497 1178; baseline -0.002 -18"><span class='ocrx_word' id='word_1_37' title='bbox 268 1105 578 1177; x_wconf 88' lang='lat' dir='ltr'>runtsuccessum;</span> <span class='ocrx_word' id='word_1_38' title='bbox 603 1098 669 1162; x_wconf 92' lang='lat' dir='ltr'>hoc</span> <span class='ocrx_word' id='word_1_39' title='bbox 692 1095 783 1165; x_wconf 88' lang='lat' dir='ltr'>enim</span> <span class='ocrx_word' id='word_1_40' title='bbox 807 1095 873 1162; x_wconf 82' lang='lat' dir='ltr'>fuit</span> <span class='ocrx_word' id='word_1_41' title='bbox 890 1095 1106 1176; x_wconf 89' lang='lat' dir='ltr'>destitutum,</span> <span class='ocrx_word' id='word_1_42' title='bbox 1140 1110 1235 1178; x_wconf 83' lang='lat'>15543</span> <span class='ocrx_word' id='word_1_43' title='bbox 1264 1093 1360 1175; x_wconf 91' lang='lat' dir='ltr'>illud,</span> <span class='ocrx_word' id='word_1_44' title='bbox 1399 1109 1497 1178; x_wconf 84' lang='lat'><strong>1557.</strong></span> 
     </span>
     <span class='ocr_line' id='line_1_7' title="bbox 269 1209 1498 1298; baseline -0.002 -20"><span class='ocrx_word' id='word_1_45' title='bbox 269 1212 408 1278; x_wconf 84' lang='lat' dir='ltr'>Causae</span> <span class='ocrx_word' id='word_1_46' title='bbox 434 1210 585 1280; x_wconf 88' lang='lat' dir='ltr'>breuiter</span> <span class='ocrx_word' id='word_1_47' title='bbox 612 1211 845 1298; x_wconf 87' lang='lat' dir='ltr'>attingendae.</span> <span class='ocrx_word' id='word_1_48' title='bbox 875 1211 936 1277; x_wconf 64' lang='grc' dir='ltr'><strong>Μ</strong></span> <span class='ocrx_word' id='word_1_49' title='bbox 956 1209 1149 1296; x_wconf 86' lang='lat' dir='ltr'>Collegium</span> <span class='ocrx_word' id='word_1_50' title='bbox 1170 1209 1405 1297; x_wconf 90' lang='lat' dir='ltr'>germanicum</span> <span class='ocrx_word' id='word_1_51' title='bbox 1428 1212 1498 1277; x_wconf 91' lang='lat' dir='ltr'>Ro·-</span> 
     </span>
     <span class='ocr_line' id='line_1_8' title="bbox 264 1323 1501 1410; baseline -0.002 -18"><span class='ocrx_word' id='word_1_52' title='bbox 264 1325 347 1392; x_wconf 79' lang='lat' dir='ltr'>&#39;mae</span> <span class='ocrx_word' id='word_1_53' title='bbox 363 1327 465 1392; x_wconf 89' lang='lat' dir='ltr'>habet</span> <span class='ocrx_word' id='word_1_54' title='bbox 480 1325 626 1406; x_wconf 90' lang='lat' dir='ltr'>initium,</span> <span class='ocrx_word' id='word_1_55' title='bbox 645 1326 785 1394; x_wconf 88' lang='lat' dir='ltr'>iubente</span> <span class='ocrx_word' id='word_1_56' title='bbox 802 1325 889 1392; x_wconf 91' lang='lat' dir='ltr'>lulio</span> <span class='ocrx_word' id='word_1_57' title='bbox 909 1329 968 1410; x_wconf 81' lang='lat'>3.⁰,</span> <span class='ocrx_word' id='word_1_58' title='bbox 991 1335 1058 1394; x_wconf 89' lang='lat' dir='ltr'>etc.</span> <span class='ocrx_word' id='word_1_59' title='bbox 1077 1327 1115 1392; x_wconf 92' lang='lat' dir='ltr'>ln</span> <span class='ocrx_word' id='word_1_60' title='bbox 1132 1323 1308 1392; x_wconf 84' lang='lat' dir='ltr'>Corsicam</span> <span class='ocrx_word' id='word_1_61' title='bbox 1324 1323 1393 1391; x_wconf 88' lang='lat' dir='ltr'>hoc&#39;</span> <span class='ocrx_word' id='word_1_62' title='bbox 1408 1345 1501 1391; x_wconf 89' lang='lat' dir='ltr'>anno</span> 
     </span>
     <span class='ocr_line' id='line_1_9' title="bbox 268 1439 1502 1510; baseline -0.001 -2"><span class='ocrx_word' id='word_1_63' title='bbox 268 1440 396 1508; x_wconf 89' lang='lat' dir='ltr'>missus</span> <span class='ocrx_word' id='word_1_64' title='bbox 412 1452 466 1510; x_wconf 85' lang='lat' dir='ltr'>est</span> <span class='ocrx_word' id='word_1_65' title='bbox 482 1444 521 1508; x_wconf 88' lang='grc' dir='ltr'>Ρ.</span> <span class='ocrx_word' id='word_1_66' title='bbox 540 1441 706 1510; x_wconf 87' lang='lat' dir='ltr'>Siluester</span> <span class='ocrx_word' id='word_1_67' title='bbox 726 1463 805 1508; x_wconf 91' lang='lat' dir='ltr'>cum</span> <span class='ocrx_word' id='word_1_68' title='bbox 822 1441 926 1508; x_wconf 92' lang='lat' dir='ltr'>socio.</span> <span class='ocrx_word' id='word_1_69' title='bbox 946 1439 1033 1509; x_wconf 87' lang='lat' dir='ltr'>Mira</span> <span class='ocrx_word' id='word_1_70' title='bbox 1052 1439 1204 1509; x_wconf 89' lang='lat' dir='ltr'>efficacia</span> <span class='ocrx_word' id='word_1_71' title='bbox 1218 1451 1254 1506; x_wconf 88' lang='lat' dir='ltr'>et</span> <span class='ocrx_word' id='word_1_72' title='bbox 1270 1441 1383 1507; x_wconf 85' lang='lat' dir='ltr'>fructu</span> <span class='ocrx_word' id='word_1_73' title='bbox 1399 1461 1502 1507; x_wconf 78' lang='lat' dir='ltr'>exer-</span> 
     </span>
     <span class='ocr_line' id='line_1_10' title="bbox 267 1553 1498 1642; baseline 0.002 -21"><span class='ocrx_word' id='word_1_74' title='bbox 267 1565 328 1624; x_wconf 89' lang='lat' dir='ltr'>cet</span> <span class='ocrx_word' id='word_1_75' title='bbox 343 1553 530 1622; x_wconf 88' lang='lat' dir='ltr'>ministeria</span> <span class='ocrx_word' id='word_1_76' title='bbox 556 1555 740 1626; x_wconf 85' lang='lat' dir='ltr'>Societatis</span> <span class='ocrx_word' id='word_1_77' title='bbox 760 1567 794 1626; x_wconf 90' lang='lat' dir='ltr'>et</span> <span class='ocrx_word' id='word_1_78' title='bbox 814 1556 861 1623; x_wconf 94' lang='lat' dir='ltr'>ibi</span> <span class='ocrx_word' id='word_1_79' title='bbox 882 1555 1036 1638; x_wconf 89' lang='lat' dir='ltr'>moritur,</span> <span class='ocrx_word' id='word_1_80' title='bbox 1059 1567 1125 1622; x_wconf 90' lang='lat' dir='ltr'>etc.</span> <span class='ocrx_word' id='word_1_81' title='bbox 1145 1555 1297 1642; x_wconf 85' lang='lat' dir='ltr'>Nauigat</span> <span class='ocrx_word' id='word_1_82' title='bbox 1324 1557 1370 1622; x_wconf 92' lang='lat' dir='ltr'>M.</span> <span class='ocrx_word' id='word_1_83' title='bbox 1389 1557 1498 1623; x_wconf 88' lang='lat' dir='ltr'>Fran-</span> 
     </span>
     <span class='ocr_line' id='line_1_11' title="bbox 269 1670 1499 1758; baseline -0.002 -20"><span class='ocrx_word' id='word_1_84' title='bbox 269 1670 385 1738; x_wconf 88' lang='lat' dir='ltr'>ciscus</span> <span class='ocrx_word' id='word_1_85' title='bbox 400 1674 444 1737; x_wconf 94' lang='lat' dir='ltr'>ad</span> <span class='ocrx_word' id='word_1_86' title='bbox 471 1671 658 1739; x_wconf 89' lang='lat' dir='ltr'>Chinarum</span> <span class='ocrx_word' id='word_1_87' title='bbox 687 1671 875 1758; x_wconf 83' lang='lat' dir='ltr'>regionem,</span> <span class='ocrx_word' id='word_1_88' title='bbox 898 1693 967 1756; x_wconf 94' lang='lat' dir='ltr'>quo</span> <span class='ocrx_word' id='word_1_89' title='bbox 990 1682 1172 1756; x_wconf 83' lang='lat' dir='ltr'>antequam</span> <span class='ocrx_word' id='word_1_90' title='bbox 1196 1671 1445 1758; x_wconf 86' lang='lat' dir='ltr'>ingrederetur,</span> <span class='ocrx_word' id='word_1_91' title='bbox 1463 1671 1499 1736; x_wconf 92' lang='lat' dir='ltr'>in</span> 
     </span>
     <span class='ocr_line' id='line_1_12' title="bbox 268 1785 1499 1874; baseline 0.001 -23"><span class='ocrx_word' id='word_1_92' title='bbox 268 1786 425 1872; x_wconf 84' lang='lat' dir='ltr'>proxima</span> <span class='ocrx_word' id='word_1_93' title='bbox 450 1786 562 1852; x_wconf 89' lang='lat' dir='ltr'>insula</span> <span class='ocrx_word' id='word_1_94' title='bbox 581 1787 737 1869; x_wconf 87' lang='lat' dir='ltr'>moritur,</span> <span class='ocrx_word' id='word_1_95' title='bbox 760 1809 800 1854; x_wconf 93' lang='lat' dir='ltr'>ac</span> <span class='ocrx_word' id='word_1_96' title='bbox 831 1785 1066 1874; x_wconf 87' lang='lat' dir='ltr'>perseuerauit</span> <span class='ocrx_word' id='word_1_97' title='bbox 1092 1785 1166 1854; x_wconf 90' lang='lat' dir='ltr'>eius</span> <span class='ocrx_word' id='word_1_98' title='bbox 1192 1807 1316 1873; x_wconf 89' lang='lat' dir='ltr'>corpus</span> <span class='ocrx_word' id='word_1_99' title='bbox 1343 1786 1499 1853; x_wconf 88' lang='lat' dir='ltr'>incorru-</span> 
     </span>
     <span class='ocr_line' id='line_1_13' title="bbox 268 1901 1499 1988; baseline 0.003 -22"><span class='ocrx_word' id='word_1_100' title='bbox 268 1911 379 1988; x_wconf 88' lang='lat' dir='ltr'>ptum.</span> <span class='ocrx_word' id='word_1_101' title='bbox 394 1901 473 1969; x_wconf 85' lang='lat' dir='ltr'>Alia</span> <span class='ocrx_word' id='word_1_102' title='bbox 484 1912 659 1988; x_wconf 88' lang='lat' dir='ltr'>praeterea</span> <span class='ocrx_word' id='word_1_103' title='bbox 671 1913 752 1970; x_wconf 90' lang='lat' dir='ltr'>sunt</span> <span class='ocrx_word' id='word_1_104' title='bbox 763 1902 867 1969; x_wconf 94' lang='lat' dir='ltr'>huius</span> <span class='ocrx_word' id='word_1_105' title='bbox 879 1902 942 1968; x_wconf 91' lang='lat' dir='ltr'>viri</span> <span class='ocrx_word' id='word_1_106' title='bbox 954 1903 1126 1970; x_wconf 89' lang='lat' dir='ltr'>miracula.</span> <span class='ocrx_word' id='word_1_107' title='bbox 1142 1904 1258 1988; x_wconf 83' lang='lat' dir='ltr'>Quum</span> <span class='ocrx_word' id='word_1_108' title='bbox 1271 1901 1366 1968; x_wconf 92' lang='lat' dir='ltr'>illum</span> <span class='ocrx_word' id='word_1_109' title='bbox 1377 1923 1499 1970; x_wconf 89' lang='lat' dir='ltr'>vocas·</span> 
     </span>
     <span class='ocr_line' id='line_1_14' title="bbox 268 1998 1573 2106; baseline 0 -22"><span class='ocrx_word' id='word_1_110' title='bbox 268 2027 326 2084; x_wconf 91' lang='lat' dir='ltr'>set</span> <span class='ocrx_word' id='word_1_111' title='bbox 358 2018 399 2083; x_wconf 94' lang='grc' dir='ltr'>Ρ.</span> <span class='ocrx_word' id='word_1_112' title='bbox 438 2017 593 2105; x_wconf 91' lang='lat' dir='ltr'>Ignatius</span> <span class='ocrx_word' id='word_1_113' title='bbox 613 2019 657 2085; x_wconf 89' lang='lat' dir='ltr'>ad</span> <span class='ocrx_word' id='word_1_114' title='bbox 682 2017 831 2085; x_wconf 88' lang='lat' dir='ltr'>officium</span> <span class='ocrx_word' id='word_1_115' title='bbox 854 2016 1023 2106; x_wconf 89' lang='lat' dir='ltr'>generalis</span> <span class='ocrx_word' id='word_1_116' title='bbox 1043 2016 1237 2104; x_wconf 87' lang='lat' dir='ltr'>praepositi,</span> <span class='ocrx_word' id='word_1_117' title='bbox 1256 2027 1322 2084; x_wconf 89' lang='lat' dir='ltr'>etc.</span> <span class='ocrx_word' id='word_1_118' title='bbox 1345 2018 1502 2085; x_wconf 87' lang='lat' dir='ltr'>Viennae</span> <span class='ocrx_word' id='word_1_119' title='bbox 1560 1998 1573 2025; x_wconf 69' lang='lat'><strong>⁴</strong></span> 
     </span>
     <span class='ocr_line' id='line_1_15' title="bbox 268 2132 1498 2221; baseline 0.001 -23"><span class='ocrx_word' id='word_1_120' title='bbox 268 2133 309 2198; x_wconf 92' lang='lat' dir='ltr'>in</span> <span class='ocrx_word' id='word_1_121' title='bbox 336 2132 492 2217; x_wconf 87' lang='lat' dir='ltr'>Austria,</span> <span class='ocrx_word' id='word_1_122' title='bbox 521 2133 665 2201; x_wconf 89' lang='lat' dir='ltr'>moritur</span> <span class='ocrx_word' id='word_1_123' title='bbox 699 2132 862 2221; x_wconf 89' lang='lat' dir='ltr'>magister</span> <span class='ocrx_word' id='word_1_124' title='bbox 892 2133 1058 2201; x_wconf 89' lang='lat' dir='ltr'>Claudius</span> <span class='ocrx_word' id='word_1_125' title='bbox 1078 2133 1202 2219; x_wconf 90' lang='lat' dir='ltr'>layius,</span> <span class='ocrx_word' id='word_1_126' title='bbox 1229 2132 1297 2213; x_wconf 91' lang='lat' dir='ltr'>vir,</span> <span class='ocrx_word' id='word_1_127' title='bbox 1326 2143 1391 2200; x_wconf 91' lang='lat' dir='ltr'>etc.</span> <span class='ocrx_word' id='word_1_128' title='bbox 1424 2135 1498 2200; x_wconf 90' lang='lat' dir='ltr'>Ma·</span> 
     </span>
     <span class='ocr_line' id='line_1_16' title="bbox 268 2247 1482 2337; baseline -0.001 -23"><span class='ocrx_word' id='word_1_129' title='bbox 268 2247 382 2334; x_wconf 86' lang='lat' dir='ltr'>gister</span> <span class='ocrx_word' id='word_1_130' title='bbox 397 2248 558 2316; x_wconf 88' lang='lat' dir='ltr'>Canisius</span> <span class='ocrx_word' id='word_1_131' title='bbox 573 2270 614 2316; x_wconf 90' lang='lat' dir='ltr'>ac</span> <span class='ocrx_word' id='word_1_132' title='bbox 629 2248 792 2336; x_wconf 90' lang='lat' dir='ltr'>magister</span> <span class='ocrx_word' id='word_1_133' title='bbox 813 2249 1003 2316; x_wconf 89' lang='lat' dir='ltr'>Gaudanus</span> <span class='ocrx_word' id='word_1_134' title='bbox 1023 2247 1232 2334; x_wconf 89' lang='lat' dir='ltr'>lnglostadio</span> <span class='ocrx_word' id='word_1_135' title='bbox 1251 2257 1453 2333; x_wconf 89' lang='lat' dir='ltr'>euocantur,</span> <span class='ocrx_word' id='word_1_136' title='bbox 1475 2249 1482 2337; x_wconf 88' lang='grc' dir='ltr'>Ι</span> 
     </span>
     <span class='ocr_line' id='line_1_17' title="bbox 267 2361 1499 2450; baseline 0.002 -23"><span class='ocrx_word' id='word_1_137' title='bbox 267 2361 390 2448; x_wconf 88' lang='lat' dir='ltr'>ibique</span> <span class='ocrx_word' id='word_1_138' title='bbox 405 2373 441 2432; x_wconf 90' lang='lat' dir='ltr'>et</span> <span class='ocrx_word' id='word_1_139' title='bbox 455 2365 659 2450; x_wconf 88' lang='lat' dir='ltr'>profitentur</span> <span class='ocrx_word' id='word_1_140' title='bbox 679 2385 794 2432; x_wconf 90' lang='lat' dir='ltr'>sacras</span> <span class='ocrx_word' id='word_1_141' title='bbox 813 2363 941 2448; x_wconf 87' lang='lat' dir='ltr'>literas,</span> <span class='ocrx_word' id='word_1_142' title='bbox 958 2373 993 2430; x_wconf 90' lang='lat' dir='ltr'>et</span> <span class='ocrx_word' id='word_1_143' title='bbox 1009 2363 1255 2431; x_wconf 87' lang='lat' dir='ltr'>concionantur</span> <span class='ocrx_word' id='word_1_144' title='bbox 1274 2383 1354 2430; x_wconf 91' lang='lat' dir='ltr'>curn</span> <span class='ocrx_word' id='word_1_145' title='bbox 1360 2364 1499 2440; x_wconf 73' lang='lat' dir='ltr'>,fructu</span> 
     </span>
     <span class='ocr_line' id='line_1_18' title="bbox 268 2477 1499 2565; baseline -0.001 -19"><span class='ocrx_word' id='word_1_146' title='bbox 268 2479 327 2546; x_wconf 92' lang='lat' dir='ltr'>Ne</span> <span class='ocrx_word' id='word_1_147' title='bbox 340 2481 382 2546; x_wconf 90' lang='lat' dir='ltr'>P.</span> <span class='ocrx_word' id='word_1_148' title='bbox 397 2477 601 2546; x_wconf 89' lang='lat' dir='ltr'>Franciscus</span> <span class='ocrx_word' id='word_1_149' title='bbox 612 2477 793 2546; x_wconf 85' lang='lat' dir='ltr'>cardinalis</span> <span class='ocrx_word' id='word_1_150' title='bbox 805 2489 977 2548; x_wconf 89' lang='lat' dir='ltr'>crearetur</span> <span class='ocrx_word' id='word_1_151' title='bbox 988 2477 1124 2546; x_wconf 89' lang='lat' dir='ltr'>curauit</span> <span class='ocrx_word' id='word_1_152' title='bbox 1135 2478 1208 2565; x_wconf 88' lang='lat' dir='ltr'>ipse</span> <span class='ocrx_word' id='word_1_153' title='bbox 1222 2489 1259 2546; x_wconf 90' lang='lat' dir='ltr'>et</span> <span class='ocrx_word' id='word_1_154' title='bbox 1275 2482 1315 2545; x_wconf 92' lang='lat' dir='ltr'>P.</span> <span class='ocrx_word' id='word_1_155' title='bbox 1330 2478 1499 2565; x_wconf 88' lang='lat' dir='ltr'>Ignatius;</span> 
     </span>
     <span class='ocr_line' id='line_1_19' title="bbox 267 2592 1496 2680; baseline -0.001 -21"><span class='ocrx_word' id='word_1_156' title='bbox 267 2593 339 2660; x_wconf 83' lang='lat' dir='ltr'>fuit</span> <span class='ocrx_word' id='word_1_157' title='bbox 355 2593 445 2661; x_wconf 90' lang='lat' dir='ltr'>enim</span> <span class='ocrx_word' id='word_1_158' title='bbox 461 2594 497 2661; x_wconf 94' lang='lat' dir='ltr'>in</span> <span class='ocrx_word' id='word_1_159' title='bbox 514 2615 556 2663; x_wconf 92' lang='lat' dir='ltr'>eo</span> <span class='ocrx_word' id='word_1_160' title='bbox 583 2593 789 2675; x_wconf 90' lang='lat' dir='ltr'>discrimine,</span> <span class='ocrx_word' id='word_1_161' title='bbox 814 2593 1017 2680; x_wconf 91' lang='lat' dir='ltr'>designatus</span> <span class='ocrx_word' id='word_1_162' title='bbox 1031 2592 1162 2660; x_wconf 90' lang='lat' dir='ltr'>scilicet</span> <span class='ocrx_word' id='word_1_163' title='bbox 1182 2618 1202 2662; x_wconf 89' lang='lat' dir='ltr'>a</span> <span class='ocrx_word' id='word_1_164' title='bbox 1223 2595 1347 2662; x_wconf 89' lang='lat' dir='ltr'>Carolo</span> <span class='ocrx_word' id='word_1_165' title='bbox 1362 2593 1496 2679; x_wconf 92' lang='lat' dir='ltr'>quinto.</span> 
     </span>
     <span class='ocr_line' id='line_1_20' title="bbox 269 2707 1503 2797; baseline -0.003 -19"><span class='ocrx_word' id='word_1_166' title='bbox 269 2710 440 2797; x_wconf 87' lang='lat' dir='ltr'>Magister</span> <span class='ocrx_word' id='word_1_167' title='bbox 456 2711 594 2796; x_wconf 89' lang='lat' dir='ltr'>Laynez</span> <span class='ocrx_word' id='word_1_168' title='bbox 608 2731 650 2777; x_wconf 88' lang='lat' dir='ltr'>ac</span> <span class='ocrx_word' id='word_1_169' title='bbox 665 2710 843 2778; x_wconf 89' lang='lat' dir='ltr'>Salmeron</span> <span class='ocrx_word' id='word_1_170' title='bbox 864 2707 1020 2794; x_wconf 88' lang='lat' dir='ltr'>Venetijs</span> <span class='ocrx_word' id='word_1_171' title='bbox 1039 2707 1299 2794; x_wconf 88' lang='lat' dir='ltr'>concionantur,</span> <span class='ocrx_word' id='word_1_172' title='bbox 1318 2730 1358 2775; x_wconf 91' lang='lat' dir='ltr'>ac</span> <span class='ocrx_word' id='word_1_173' title='bbox 1377 2719 1503 2777; x_wconf 86' lang='lat' dir='ltr'>curant</span> 
     </span>
     <span class='ocr_line' id='line_1_21' title="bbox 268 2822 1500 2912; baseline -0.002 -22"><span class='ocrx_word' id='word_1_174' title='bbox 268 2834 312 2890; x_wconf 89' lang='lat' dir='ltr'>vt</span> <span class='ocrx_word' id='word_1_175' title='bbox 322 2835 525 2892; x_wconf 89' lang='lat' dir='ltr'>venetorum</span> <span class='ocrx_word' id='word_1_176' title='bbox 538 2824 731 2912; x_wconf 89' lang='lat' dir='ltr'>respublica</span> <span class='ocrx_word' id='word_1_177' title='bbox 741 2823 932 2892; x_wconf 88' lang='lat' dir='ltr'>consentiat</span> <span class='ocrx_word' id='word_1_178' title='bbox 944 2824 980 2890; x_wconf 93' lang='lat' dir='ltr'>in</span> <span class='ocrx_word' id='word_1_179' title='bbox 991 2823 1151 2892; x_wconf 92' lang='lat' dir='ltr'>vnionem</span> <span class='ocrx_word' id='word_1_180' title='bbox 1164 2822 1334 2910; x_wconf 88' lang='lat' dir='ltr'>prioratus</span> <span class='ocrx_word' id='word_1_181' title='bbox 1345 2822 1500 2893; x_wconf 87' lang='lat' dir='ltr'>Sanctis-</span> 
     </span>
     <span class='ocr_line' id='line_1_22' title="bbox 269 2939 1503 3028; baseline 0 -22"><span class='ocrx_word' id='word_1_182' title='bbox 269 2939 380 3006; x_wconf 88' lang='lat' dir='ltr'>simae</span> <span class='ocrx_word' id='word_1_183' title='bbox 396 2939 574 3006; x_wconf 89' lang='lat' dir='ltr'>Trinitatis</span> <span class='ocrx_word' id='word_1_184' title='bbox 584 2940 628 3007; x_wconf 92' lang='lat' dir='ltr'>ad</span> <span class='ocrx_word' id='word_1_185' title='bbox 639 2939 822 3027; x_wconf 88' lang='lat' dir='ltr'>collegium</span> <span class='ocrx_word' id='word_1_186' title='bbox 838 2939 1049 3028; x_wconf 89' lang='lat' dir='ltr'>patauinum.</span> <span class='ocrx_word' id='word_1_187' title='bbox 1064 2940 1322 3006; x_wconf 85' lang='lat' dir='ltr'>Condemnatur</span> <span class='ocrx_word' id='word_1_188' title='bbox 1332 2940 1503 3006; x_wconf 89' lang='lat' dir='ltr'>Iohannes</span> 
     </span>
    </p>
   </div>
   <div class='ocr_carea' id='block_1_5' title="bbox 265 3053 1503 3604">
    <p class='ocr_par' dir='ltr' id='par_1_5' title="bbox 265 3053 1503 3604">
     <span class='ocr_line' id='line_1_23' title="bbox 268 3053 1502 3144; baseline -0.002 -23"><span class='ocrx_word' id='word_1_189' title='bbox 268 3056 317 3124; x_wconf 90' lang='lat' dir='ltr'>de</span> <span class='ocrx_word' id='word_1_190' title='bbox 333 3057 484 3124; x_wconf 87' lang='lat' dir='ltr'>Mercato</span> <span class='ocrx_word' id='word_1_191' title='bbox 500 3055 586 3122; x_wconf 92' lang='lat' dir='ltr'>miro</span> <span class='ocrx_word' id='word_1_192' title='bbox 601 3054 727 3122; x_wconf 91' lang='lat' dir='ltr'>iudicio</span> <span class='ocrx_word' id='word_1_193' title='bbox 738 3053 774 3122; x_wconf 94' lang='lat' dir='ltr'>in</span> <span class='ocrx_word' id='word_1_194' title='bbox 785 3077 949 3144; x_wconf 89' lang='lat' dir='ltr'>magnum</span> <span class='ocrx_word' id='word_1_195' title='bbox 962 3053 1144 3124; x_wconf 89' lang='lat' dir='ltr'>Societatis</span> <span class='ocrx_word' id='word_1_196' title='bbox 1155 3056 1320 3122; x_wconf 79' lang='lat' dir='ltr'>fauorem.</span> <span class='ocrx_word' id='word_1_197' title='bbox 1335 3053 1502 3140; x_wconf 81' lang='lat' dir='ltr'>Magister</span> 
     </span>
     <span class='ocr_line' id='line_1_24' title="bbox 269 3169 1499 3258; baseline -0.004 -18"><span class='ocrx_word' id='word_1_198' title='bbox 269 3170 393 3240; x_wconf 88' lang='lat' dir='ltr'>Simon</span> <span class='ocrx_word' id='word_1_199' title='bbox 408 3171 447 3237; x_wconf 89' lang='lat' dir='ltr'>fit</span> <span class='ocrx_word' id='word_1_200' title='bbox 474 3169 692 3256; x_wconf 81' lang='lat' dir='ltr'>prouincialis</span> <span class='ocrx_word' id='word_1_201' title='bbox 719 3169 929 3258; x_wconf 85' lang='lat' dir='ltr'>Aragoniae,</span> <span class='ocrx_word' id='word_1_202' title='bbox 954 3171 1047 3256; x_wconf 92' lang='lat' dir='ltr'>quod</span> <span class='ocrx_word' id='word_1_203' title='bbox 1069 3191 1195 3237; x_wconf 89' lang='lat' dir='ltr'>munus</span> <span class='ocrx_word' id='word_1_204' title='bbox 1213 3191 1284 3236; x_wconf 93' lang='lat' dir='ltr'>non</span> <span class='ocrx_word' id='word_1_205' title='bbox 1304 3169 1406 3256; x_wconf 87' lang='lat' dir='ltr'>gerit.</span> <span class='ocrx_word' id='word_1_206' title='bbox 1425 3172 1499 3235; x_wconf 89' lang='lat' dir='ltr'>Ma·-</span> 
     </span>
     <span class='ocr_line' id='line_1_25' title="bbox 269 3283 1503 3374; baseline 0 -23"><span class='ocrx_word' id='word_1_207' title='bbox 269 3285 381 3374; x_wconf 85' lang='lat' dir='ltr'>gister</span> <span class='ocrx_word' id='word_1_208' title='bbox 397 3285 521 3366; x_wconf 91' lang='lat' dir='ltr'>Miron,</span> <span class='ocrx_word' id='word_1_209' title='bbox 542 3284 761 3371; x_wconf 83' lang='lat' dir='ltr'>prouincialis</span> <span class='ocrx_word' id='word_1_210' title='bbox 782 3284 1027 3372; x_wconf 89' lang='lat' dir='ltr'>Portugalliae.</span> <span class='ocrx_word' id='word_1_211' title='bbox 1046 3285 1107 3351; x_wconf 73' lang='lat'>83</span> <span class='ocrx_word' id='word_1_212' title='bbox 1123 3288 1167 3352; x_wconf 93' lang='lat' dir='ltr'>D.</span> <span class='ocrx_word' id='word_1_213' title='bbox 1187 3286 1324 3366; x_wconf 61' lang='lat' dir='ltr'>Tonas</span> <span class='ocrx_word' id='word_1_214' title='bbox 1343 3283 1503 3351; x_wconf 83' lang='lat' dir='ltr'>visitator</span> 
     </span>
     <span class='ocr_line' id='line_1_26' title="bbox 267 3398 1500 3487; baseline -0.002 -19"><span class='ocrx_word' id='word_1_215' title='bbox 267 3399 516 3487; x_wconf 88' lang='lat' dir='ltr'>Portugalliae.</span> <span class='ocrx_word' id='word_1_216' title='bbox 537 3399 755 3470; x_wconf 89' lang='lat' dir='ltr'>Perturbatio</span> <span class='ocrx_word' id='word_1_217' title='bbox 770 3401 806 3468; x_wconf 91' lang='lat' dir='ltr'>in</span> <span class='ocrx_word' id='word_1_218' title='bbox 822 3399 968 3487; x_wconf 91' lang='lat' dir='ltr'>collegio</span> <span class='ocrx_word' id='word_1_219' title='bbox 983 3399 1267 3486; x_wconf 88' lang='lat' dir='ltr'>conymbrycensi</span> <span class='ocrx_word' id='word_1_220' title='bbox 1282 3398 1500 3487; x_wconf 87' lang='lat' dir='ltr'>grauissima:</span> 
     </span>
     <span class='ocr_line' id='line_1_27' title="bbox 265 3514 1305 3604; baseline -0.003 -20"><span class='ocrx_word' id='word_1_221' title='bbox 265 3516 317 3584; x_wconf 85' lang='lat' dir='ltr'>ad</span> <span class='ocrx_word' id='word_1_222' title='bbox 332 3517 376 3582; x_wconf 88' lang='lat'>60</span> <span class='ocrx_word' id='word_1_223' title='bbox 392 3537 413 3583; x_wconf 87' lang='lat' dir='ltr'>e</span> <span class='ocrx_word' id='word_1_224' title='bbox 432 3516 558 3584; x_wconf 85' lang='lat' dir='ltr'>nostris</span> <span class='ocrx_word' id='word_1_225' title='bbox 572 3518 627 3586; x_wconf 89' lang='lat' dir='ltr'>vel</span> <span class='ocrx_word' id='word_1_226' title='bbox 643 3516 776 3602; x_wconf 87' lang='lat' dir='ltr'>expulsi</span> <span class='ocrx_word' id='word_1_227' title='bbox 791 3527 885 3597; x_wconf 92' lang='lat' dir='ltr'>sunt,</span> <span class='ocrx_word' id='word_1_228' title='bbox 902 3517 958 3586; x_wconf 85' lang='lat' dir='ltr'>vel</span> <span class='ocrx_word' id='word_1_229' title='bbox 974 3515 1094 3582; x_wconf 92' lang='lat' dir='ltr'>iniussi</span> <span class='ocrx_word' id='word_1_230' title='bbox 1107 3515 1275 3584; x_wconf 90' lang='lat' dir='ltr'>abierunt.</span> <span class='ocrx_word' id='word_1_231' title='bbox 1298 3514 1305 3604; x_wconf 85' lang='grc' dir='ltr'>Ι</span> 
     </span>
    </p>
   </div>
   <div class='ocr_carea' id='block_1_6' title="bbox 833 3701 941 3774">
    <p class='ocr_par' dir='ltr' id='par_1_6' title="bbox 833 3701 941 3774">
     <span class='ocr_line' id='line_1_28' title="bbox 833 3701 941 3774; baseline 0.009 -17"><span class='ocrx_word' id='word_1_232' title='bbox 833 3701 941 3774; x_wconf 66' lang='lat' dir='ltr'>[insa</span> 
     </span>
    </p>
   </div>
   <div class='ocr_carea' id='block_1_7' title="bbox 265 3861 1503 4182">
    <p class='ocr_par' dir='ltr' id='par_1_7' title="bbox 265 3861 1503 4182">
     <span class='ocr_line' id='line_1_29' title="bbox 341 3861 1503 3948; baseline -0.003 -16"><span class='ocrx_word' id='word_1_233' title='bbox 341 3863 443 3932; x_wconf 87' lang='lat' dir='ltr'>Redit</span> <span class='ocrx_word' id='word_1_234' title='bbox 469 3868 510 3932; x_wconf 91' lang='grc' dir='ltr'>Ρ.</span> <span class='ocrx_word' id='word_1_235' title='bbox 540 3867 783 3934; x_wconf 89' lang='lat' dir='ltr'>Domenechus</span> <span class='ocrx_word' id='word_1_236' title='bbox 809 3867 971 3944; x_wconf 87' lang='lat' dir='ltr'>Romam,</span> <span class='ocrx_word' id='word_1_237' title='bbox 1000 3885 1040 3930; x_wconf 86' lang='lat' dir='ltr'>ac</span> <span class='ocrx_word' id='word_1_238' title='bbox 1067 3863 1257 3932; x_wconf 90' lang='lat' dir='ltr'>destinatur</span> <span class='ocrx_word' id='word_1_239' title='bbox 1284 3861 1503 3948; x_wconf 72' lang='lat' dir='ltr'>prouincialis</span> 
     </span>
     <span class='ocr_line' id='line_1_30' title="bbox 268 3977 1499 4065; baseline -0.002 -18"><span class='ocrx_word' id='word_1_240' title='bbox 268 3979 396 4050; x_wconf 85' lang='lat' dir='ltr'>tertius</span> <span class='ocrx_word' id='word_1_241' title='bbox 411 3979 558 4060; x_wconf 90' lang='lat' dir='ltr'>Siciliae,</span> <span class='ocrx_word' id='word_1_242' title='bbox 576 3989 722 4047; x_wconf 88' lang='lat' dir='ltr'>euocato</span> <span class='ocrx_word' id='word_1_243' title='bbox 749 3982 891 4047; x_wconf 92' lang='lat' dir='ltr'>Romam</span> <span class='ocrx_word' id='word_1_244' title='bbox 919 3981 960 4045; x_wconf 94' lang='grc' dir='ltr'>Ρ.</span> <span class='ocrx_word' id='word_1_245' title='bbox 991 3977 1118 4059; x_wconf 88' lang='lat' dir='ltr'>Natali,</span> <span class='ocrx_word' id='word_1_246' title='bbox 1142 3999 1243 4065; x_wconf 90' lang='lat' dir='ltr'>quem</span> <span class='ocrx_word' id='word_1_247' title='bbox 1266 3980 1307 4044; x_wconf 92' lang='lat' dir='ltr'>P.</span> <span class='ocrx_word' id='word_1_248' title='bbox 1330 3977 1499 4064; x_wconf 88' lang='lat' dir='ltr'>Ignatius,</span> 
     </span>
     <span class='ocr_line' id='line_1_31' title="bbox 265 4091 1501 4182; baseline -0.006 -18"><span class='ocrx_word' id='word_1_249' title='bbox 265 4107 424 4164; x_wconf 87' lang='lat' dir='ltr'>creatum</span> <span class='ocrx_word' id='word_1_250' title='bbox 441 4093 711 4164; x_wconf 86' lang='lat' dir='ltr'>commissarium</span> <span class='ocrx_word' id='word_1_251' title='bbox 723 4095 918 4182; x_wconf 86' lang='lat' dir='ltr'>generalem</span> <span class='ocrx_word' id='word_1_252' title='bbox 936 4092 971 4160; x_wconf 91' lang='lat' dir='ltr'>in</span> <span class='ocrx_word' id='word_1_253' title='bbox 987 4094 1103 4181; x_wconf 87' lang='lat' dir='ltr'>regnis</span> <span class='ocrx_word' id='word_1_254' title='bbox 1120 4092 1318 4180; x_wconf 88' lang='lat' dir='ltr'>Hispaniae,</span> <span class='ocrx_word' id='word_1_255' title='bbox 1337 4092 1396 4159; x_wconf 90' lang='lat' dir='ltr'>illo</span> <span class='ocrx_word' id='word_1_256' title='bbox 1409 4091 1501 4159; x_wconf 90' lang='lat' dir='ltr'>misit</span> 
     </span>
    </p>
   </div>
   <div class='ocr_carea' id='block_1_8' title="bbox 263 4359 1501 4779">
    <p class='ocr_par' dir='ltr' id='par_1_8' title="bbox 263 4359 1501 4779">
     <span class='ocr_line' id='line_1_32' title="bbox 266 4359 1501 4440; baseline -0.007 -17"><span class='ocrx_word' id='word_1_257' title='bbox 266 4366 330 4440; x_wconf 87' lang='lat' dir='ltr'>psit</span> <span class='ocrx_word' id='word_1_258' title='bbox 343 4365 373 4422; x_wconf 90' lang='lat' dir='ltr'>in</span> <span class='ocrx_word' id='word_1_259' title='bbox 387 4367 467 4421; x_wconf 78' lang='lat' dir='ltr'>Hist.</span> <span class='ocrx_word' id='word_1_260' title='bbox 483 4367 561 4430; x_wconf 69' lang='lat' dir='ltr'>Soc„</span> <span class='ocrx_word' id='word_1_261' title='bbox 575 4373 651 4438; x_wconf 88' lang='lat' dir='ltr'>part.</span> <span class='ocrx_word' id='word_1_262' title='bbox 671 4365 695 4433; x_wconf 92' lang='lat' dir='ltr'>l,</span> <span class='ocrx_word' id='word_1_263' title='bbox 709 4363 761 4420; x_wconf 89' lang='lat' dir='ltr'>lib.</span> <span class='ocrx_word' id='word_1_264' title='bbox 778 4377 821 4433; x_wconf 82' lang='lat' dir='ltr'>lx,</span> <span class='ocrx_word' id='word_1_265' title='bbox 840 4381 869 4419; x_wconf 88' lang='lat' dir='ltr'>n.</span> <span class='ocrx_word' id='word_1_266' title='bbox 887 4377 923 4418; x_wconf 87' lang='lat'>1.:</span> <span class='ocrx_word' id='word_1_267' title='bbox 944 4365 1137 4436; x_wconf 81' lang='lat' dir='ltr'>«Quanquam</span> <span class='ocrx_word' id='word_1_268' title='bbox 1156 4361 1235 4418; x_wconf 90' lang='lat' dir='ltr'>enim</span> <span class='ocrx_word' id='word_1_269' title='bbox 1252 4379 1287 4416; x_wconf 87' lang='lat' dir='ltr'>ea</span> <span class='ocrx_word' id='word_1_270' title='bbox 1303 4360 1383 4416; x_wconf 90' lang='lat' dir='ltr'>dere</span> <span class='ocrx_word' id='word_1_271' title='bbox 1394 4360 1448 4432; x_wconf 87' lang='lat' dir='ltr'>[sc.</span> <span class='ocrx_word' id='word_1_272' title='bbox 1462 4359 1501 4414; x_wconf 89' lang='lat' dir='ltr'>de</span> 
     </span>
     <span class='ocr_line' id='line_1_33' title="bbox 264 4449 1501 4530; baseline -0.004 -19"><span class='ocrx_word' id='word_1_273' title='bbox 264 4455 452 4530; x_wconf 80' lang='lat' dir='ltr'>professione</span> <span class='ocrx_word' id='word_1_274' title='bbox 466 4453 674 4527; x_wconf 88' lang='lat' dir='ltr'>nuncupanda]</span> <span class='ocrx_word' id='word_1_275' title='bbox 692 4453 874 4524; x_wconf 89' lang='lat' dir='ltr'>Hieronymo</span> <span class='ocrx_word' id='word_1_276' title='bbox 892 4451 990 4508; x_wconf 88' lang='lat' dir='ltr'>Natali</span> <span class='ocrx_word' id='word_1_277' title='bbox 1009 4469 1102 4524; x_wconf 86' lang='lat' dir='ltr'>nuper</span> <span class='ocrx_word' id='word_1_278' title='bbox 1119 4449 1229 4525; x_wconf 87' lang='lat' dir='ltr'>aliquid</span> <span class='ocrx_word' id='word_1_279' title='bbox 1247 4449 1380 4522; x_wconf 85' lang='lat' dir='ltr'>Ignatius</span> <span class='ocrx_word' id='word_1_280' title='bbox 1398 4450 1501 4506; x_wconf 87' lang='lat' dir='ltr'>innue-</span> 
     </span>
     <span class='ocr_line' id='line_1_34' title="bbox 264 4538 1500 4614; baseline -0.004 -14"><span class='ocrx_word' id='word_1_281' title='bbox 264 4553 325 4614; x_wconf 89' lang='lat' dir='ltr'>rat,</span> <span class='ocrx_word' id='word_1_282' title='bbox 349 4553 448 4600; x_wconf 87' lang='lat' dir='ltr'>tamen</span> <span class='ocrx_word' id='word_1_283' title='bbox 473 4562 540 4600; x_wconf 85' lang='lat' dir='ltr'>curn</span> <span class='ocrx_word' id='word_1_284' title='bbox 562 4561 646 4600; x_wconf 86' lang='lat' dir='ltr'>suam</span> <span class='ocrx_word' id='word_1_285' title='bbox 668 4543 717 4598; x_wconf 92' lang='lat' dir='ltr'>ille</span> <span class='ocrx_word' id='word_1_286' title='bbox 736 4542 912 4598; x_wconf 87' lang='lat' dir='ltr'>tenuitatem</span> <span class='ocrx_word' id='word_1_287' title='bbox 930 4541 1064 4596; x_wconf 87' lang='lat' dir='ltr'>modeste</span> <span class='ocrx_word' id='word_1_288' title='bbox 1081 4540 1206 4613; x_wconf 89' lang='lat' dir='ltr'>primum</span> <span class='ocrx_word' id='word_1_289' title='bbox 1221 4549 1404 4608; x_wconf 85' lang='lat' dir='ltr'>excusasset,</span> <span class='ocrx_word' id='word_1_290' title='bbox 1421 4538 1500 4613; x_wconf 91' lang='lat' dir='ltr'>quod</span> 
     </span>
     <span class='ocr_line' id='line_1_35' title="bbox 263 4627 1501 4704; baseline -0.006 -14"><span class='ocrx_word' id='word_1_291' title='bbox 263 4634 385 4690; x_wconf 89' lang='lat' dir='ltr'>diceret</span> <span class='ocrx_word' id='word_1_292' title='bbox 400 4632 523 4704; x_wconf 85' lang='lat' dir='ltr'>gradum</span> <span class='ocrx_word' id='word_1_293' title='bbox 545 4633 628 4688; x_wconf 89' lang='lat' dir='ltr'>illum</span> <span class='ocrx_word' id='word_1_294' title='bbox 648 4649 701 4688; x_wconf 90' lang='lat' dir='ltr'>sua</span> <span class='ocrx_word' id='word_1_295' title='bbox 722 4632 832 4688; x_wconf 87' lang='lat' dir='ltr'>virtute</span> <span class='ocrx_word' id='word_1_296' title='bbox 855 4630 1037 4704; x_wconf 88' lang='lat' dir='ltr'>superiorem</span> <span class='ocrx_word' id='word_1_297' title='bbox 1058 4647 1136 4698; x_wconf 86' lang='lat' dir='ltr'>esse,</span> <span class='ocrx_word' id='word_1_298' title='bbox 1158 4631 1290 4703; x_wconf 88' lang='lat' dir='ltr'>satisque</span> <span class='ocrx_word' id='word_1_299' title='bbox 1307 4629 1365 4685; x_wconf 86' lang='lat' dir='ltr'>sibi</span> <span class='ocrx_word' id='word_1_300' title='bbox 1386 4627 1460 4700; x_wconf 81' lang='lat' dir='ltr'>iore,</span> <span class='ocrx_word' id='word_1_301' title='bbox 1474 4627 1501 4684; x_wconf 89' lang='lat' dir='ltr'>si</span> 
     </span>
     <span class='ocr_line' id='line_1_36' title="bbox 263 4720 1046 4779; baseline -0.009 0"><span class='ocrx_word' id='word_1_302' title='bbox 263 4723 349 4779; x_wconf 87' lang='lat' dir='ltr'>inter</span> <span class='ocrx_word' id='word_1_303' title='bbox 361 4721 514 4778; x_wconf 80' lang='lat' dir='ltr'>Professos</span> <span class='ocrx_word' id='word_1_304' title='bbox 527 4721 616 4777; x_wconf 90' lang='lat' dir='ltr'>trium</span> <span class='ocrx_word' id='word_1_305' title='bbox 629 4729 764 4778; x_wconf 85' lang='lat' dir='ltr'>votorum</span> <span class='ocrx_word' id='word_1_306' title='bbox 777 4720 1046 4776; x_wconf 82' lang='lat' dir='ltr'>adscriberetur...»</span> 
     </span>
    </p>
   </div>
   <div class='ocr_carea' id='block_1_9' title="bbox 0 0 1838 5384">
    <p class='ocr_par' dir='ltr' id='par_1_9' title="bbox 0 0 1838 5384">
     <span class='ocr_line' id='line_1_37' title="bbox 0 0 1838 5384; baseline 0 0"><span class='ocrx_word' id='word_1_307' title='bbox 0 0 1838 5384; x_wconf 95' lang='lat' dir='ltr'> </span> 
     </span>
    </p>
   </div>
  </div>
 </body>
</html>
