3604 5380
379 474 430 531 144
793 463 900 518 Eersr.
923 461 957 518 P.
977 460 1181 532 Nauae-227

380 614 455 680 Ora
464 621 532 700 pro
546 633 610 696 me,
627 617 747 682 Pater.
768 617 821 682 En
833 615 963 682 Trento
987 617 1010 696 ¹,
1028 620 1050 681 a
1070 632 1113 684 20
1133 616 1176 684 de
1193 613 1402 684 Nouiembre
1426 565 1522 701 1⁵562.
1540 619 1595 685 De

372 731 417 798 V.
437 733 477 798 P.
495 729 608 800 siemo
624 753 668 801 en
684 733 764 814 X.⁰‚
1183 820 1206 908 †
1229 821 1262 888 N
1395 821 1418 910 †

1263 841 1369 890 Anac.

1280 936 1303 1025 †

437 1079 585 1146 Polanci
598 1099 719 1144 manu:
735 1079 929 1146 Inbiensea
949 1080 1058 1145 Roma
1074 1080 1099 1146 ¹.
1123 1077 1310 1165 Inscriptio
1325 1080 1364 1145 in
1383 1085 1509 1165 quarto
1524 1087 1591 1166 po·

367 1195 471 1282 gina:
487 1197 562 1283 jhs.
587 1195 633 1262 Al
656 1194 762 1260 molto
787 1194 873 1260 Rdo.
897 1192 933 1260 in
952 1193 1090 1260 Christo
1107 1194 1229 1274 Padre‚
1252 1193 1278 1259 il
1295 1197 1333 1260 P.
1359 1207 1477 1262 nostro
1496 1197 1596 1262 Mne

365 1311 495 1399 Jacobo
519 1311 668 1396 Laynez,
698 1308 894 1396 praeposito
923 1310 1084 1397 generale
1108 1310 1197 1376 della
1225 1309 1439 1396 Compagnia
1466 1312 1509 1378 de
1530 1314 1590 1400 Je-

369 1447 422 1508 su,
437 1436 504 1492 etc.
519 1447 564 1494 en
575 1427 718 1495 Trento.
739 1427 819 1492 Alia
831 1447 950 1491 manu:
962 1426 1052 1491 Para
1062 1424 1095 1491 el
1108 1427 1148 1490 P.
1164 1424 1346 1492 Francisco
1359 1425 1403 1492 de
1420 1427 1531 1511 Borja.
1545 1427 1595 1492 Et

367 1541 451 1606 aiio:
474 1543 558 1625 1562
579 1543 604 1608 ⁸.
638 1541 779 1608 Trento.
810 1542 872 1607 Pe
896 1539 1022 1620 Nadal,
1043 1557 1086 1606 20
1106 1541 1149 1609 de
1167 1541 1375 1608 Nouembre.
1401 1542 1588 1630 Vestigium

369 1679 467 1724 cerae
486 1658 609 1746 sigilli.

424 1877 431 1908 ¹
469 1871 519 1927 Sic
531 1871 562 1926 in
575 1871 745 1942 archetyp03
758 1869 811 1924 sed
824 1867 947 1924 evidens
964 1885 1044 1923 error
1062 1877 1195 1942 apparet,
1209 1877 1272 1924 tum
1285 1885 1322 1924 ex
1340 1869 1387 1934 iis,
1401 1887 1478 1942 quae
1490 1887 1587 1943 supra,

368 1981 397 2016 n.
413 1960 528 2032 zhujus
546 1959 687 2032 epistolae
705 1957 852 2027 dicuntur,
870 1973 911 2012 sc.
931 1960 1067 2028 «ayudnr
1085 1963 1143 2014 este
1160 1959 1273 2032 colegio
1290 1961 1326 2014 de
1344 1946 1496 2030 Isprucirn,
1511 1967 1541 2014 et
1559 1959 1591 2014 in

367 2049 425 2104 fine
439 2049 541 2123 ipsius,
556 2050 605 2104 ubi
618 2049 670 2103 ait:
685 2065 737 2118 ayo
749 2050 921 2103 comenzari
933 2051 952 2101 ά
965 2048 1155 2112 examinaro,
1170 2056 1233 2103 tum
1250 2063 1336 2103 exeo
1353 2048 1431 2120 quod
1443 2049 1478 2103 P.
1497 2047 1588 2104 Nadal

366 2137 539 2194 Tridentum
552 2155 610 2192 non
624 2137 707 2192 venit
719 2144 787 2191 ante
799 2135 877 2190 diem
896 2148 928 2205 15
947 2136 1130 2204 Decembris,
1149 2145 1182 2193 ut
1199 2137 1230 2190 in
1246 2135 1352 2192 litteris
1371 2137 1403 2192 P.
1427 2137 1534 2192 Lainez
1551 2135 1590 2192 ad

366 2229 401 2283 S.
418 2228 605 2283 Franciscum
617 2224 655 2280 de
665 2226 762 2296 Borja,
778 2237 808 2293 17
820 2223 994 2280 Decembris
1006 2225 1093 2297 hujus
1105 2225 1174 2281 anni
1183 2224 1325 2281 Tridento
1334 2225 1422 2297 datis,
1433 2227 1514 2282 hisce
1524 2244 1587 2282 ver-

365 2316 411 2371 bis
425 2316 574 2372 asseritur:
590 2334 640 2369 o...
655 2315 688 2369 El
703 2322 821 2381 marteS,
834 2331 892 2386 que
904 2311 954 2368 fue
967 2321 1118 2385 anteayer,
1132 2315 1210 2386 llego
1222 2317 1290 2386 aqui
1303 2316 1330 2369 el
1344 2315 1377 2368 P.
1392 2315 1496 2385 Nadal,
1516 2334 1535 2388 y
1554 2332 1587 2371 se

365 2406 492 2478 quedari
505 2420 556 2476 por
568 2405 657 2474 algon
674 2403 784 2474 tiempo
803 2420 840 2457 en
859 2403 980 2470 Trento,
1003 2402 1212 2474 ayudindonos
1231 2421 1268 2458 en
1287 2405 1316 2458 lo
1335 2421 1392 2476 que
1412 2405 1587 2478 occurriere‚

365 2496 517 2566 hastaque
531 2495 558 2548 la
571 2500 655 2564 peste
667 2492 704 2546 de
718 2493 801 2562 lugar
811 2490 849 2545 de
863 2491 965 2546 uisitar
977 2493 1021 2546 los
1034 2491 1175 2563 collegios
1184 2510 1241 2564 que
1254 2494 1282 2548 le
1295 2493 1352 2548 han
1365 2493 1499 2566 quedado
1512 2493 1550 2550 de
1559 2496 1587 2550 la

364 2582 513 2656 prouincia
526 2581 563 2637 de
577 2582 791 2652 Alemagna...»
805 2581 849 2634 Ex
862 2580 1002 2650 Regest0,
1019 2577 1090 2634 cod.
1107 2594 1151 2650 33,
1165 2580 1203 2649 c),
1219 2579 1269 2635 iol.
1287 2580 1348 2635 106.

416 2676 428 2708 ³
465 2673 621 2739 Polancus,
636 2687 674 2724 ex
690 2668 856 2737 commiss.,
874 2669 908 2722 26
926 2669 1102 2723 Novembris
1120 2669 1155 2724 S.
1179 2669 1335 2726 Francisco
1352 2669 1390 2724 de
1411 2671 1498 2742 Borja
1515 2671 1588 2727 baec

364 2760 522 2818 scribebat:
538 2781 588 2816 a...
602 2760 636 2814 El
650 2759 686 2812 P.
704 2759 797 2813 Nadal
810 2760 872 2812 esti
885 2774 922 2812 en
936 2757 1093 2828 Hispruch,
1108 2775 1128 2829 y
1141 2765 1226 2813 entre
1238 2766 1317 2814 otras
1330 2760 1418 2814 latras
1433 2759 1546 2815 escriue
1558 2761 1585 2814 la

363 2869 420 2924 que
433 2854 500 2924 aqui
513 2867 560 2906 ua.
574 2851 614 2904 V.
630 2850 671 2904 R.
687 2850 763 2918 haga
774 2847 959 2920 responderi
973 2849 1016 2902 los
1029 2845 1083 2901 doe
1096 2855 1203 2918 pantos
1219 2865 1276 2920 que
1295 2866 1332 2903 en
1351 2850 1378 2904 la
1397 2865 1529 2918 margen,
1548 2847 1585 2904 de

363 2943 403 2997 mi
421 2943 506 3012 letra,
519 2943 602 2995 estin
615 2937 777 2994 senalados.
792 2937 950 2991 Pareceme
962 2952 995 2990 se
1008 2936 1170 2992 determina
1183 2938 1210 2991 el
1229 2937 1315 2992 dicho
1333 2937 1427 2993 Padre
1444 2937 1483 2992 de
1500 2939 1590 2994 hezer

363 3034 391 3087 la
404 3030 491 3088 uisita
504 3029 541 3084 de
554 3029 718 3098 Alemagna
733 3034 817 3082 antes
834 3025 871 3080 de
889 3024 999 3080 ueniri
1011 3025 1175 3081 Tremo...»
1189 3025 1314 3098 Regeet.
1334 3025 1408 3082 Cod.
1428 3041 1473 3098 33,
1486 3027 1526 3097 c),
1539 3027 1584 3083 bo.

362 3122 429 3176 Duo
442 3127 540 3174 autem
553 3125 671 3190 puncta,
684 3115 721 3170 de
733 3116 841 3189 quibus
854 3113 977 3185 Borgiae
987 3114 1142 3169 consilium
1153 3114 1371 3187 exquirebatur,
1385 3125 1469 3171 erant
1481 3115 1588 3172 admis-

363 3209 407 3266 sio
421 3207 539 3278 collegii
555 3206 697 3278 dilingani
716 3214 746 3260 et
758 3203 845 3259 Fabri
864 3203 1113 3276 Aschremanique
1131 3204 1294 3275 negotium,
1306 3213 1338 3259 ut
1355 3205 1490 3278 superius
1501 3215 1584 3262 nota·

362 3307 425 3352 tum
438 3305 497 3352 est.

414 3388 425 3420 ³
462 3383 568 3440 Variae
581 3381 801 3438 emendationes
814 3391 954 3454 apparent
964 3380 994 3436 in
1006 3382 1062 3436 hoc
1077 3381 1180 3437 ultimo
1198 3399 1330 3444 numero,
1342 3383 1383 3438 ita
1398 3389 1430 3439 ut
1440 3384 1512 3455 quid
1523 3391 1586 3440 tan-

362 3476 429 3532 dem
443 3474 582 3546 scriptum
596 3472 685 3528 fuerit
698 3489 756 3526 non
771 3473 848 3526 clare
866 3470 993 3526 discerni
1010 3470 1113 3542 possit.
1134 3470 1264 3526 Dubium
1283 3489 1354 3526 vero
1372 3473 1495 3544 nullum,
1514 3473 1584 3546 quin

253 3589 256 3596 ⁴
361 3565 485 3636 epistola
497 3565 569 3620 haec
582 3578 658 3618 anno
673 3561 740 3630 1562
754 3560 822 3616 data
835 3559 934 3630 fuerit,
948 3577 1100 3616 remanere
1114 3577 1201 3632 posse
1216 3559 1345 3616 videtur.
