3604 5380
22 18 442 150 *τ

669 455 862 512 Sursum
883 457 951 527 1562
1371 473 1420 516 tlt

185 608 246 674 rio
262 607 341 674 terri
356 617 396 674 ut
412 629 452 676 se
467 605 622 678 Societas
636 608 739 676 dedat
751 606 787 674 in
799 607 1002 694 obsequium
1013 629 1055 676 ac
1065 609 1243 678 servitium
1254 612 1422 680 Domina-

187 721 298 790 tionis
314 725 412 792 Tuae
428 721 692 792 Illustrissimae.

262 839 466 925 Quodvero
481 837 603 905 attinet
617 838 662 904 ad
676 836 812 924 collegii
828 836 1089 920 institutionem,
1107 839 1192 906 nihil
1207 862 1275 928 ego
1285 841 1421 925 dubito,

185 954 278 1040 quin
295 957 354 1021 Pr.
372 955 434 1022 Nr.
454 951 625 1040 generalis
640 951 760 1021 libenti
774 951 819 1019 sit
839 951 954 1020 animo
973 951 1153 1042 imperium
1169 957 1211 1022 Τ.
1229 955 1271 1024 C.
1289 977 1422 1042 exequ-

188 1080 332 1149 uturus,
350 1069 394 1136 ad
410 1088 512 1153 quem
527 1088 595 1154 ego
612 1066 814 1137 Tridentum
829 1089 986 1156 propero,
1004 1067 1064 1136 vbi
1079 1069 1258 1157 negotium
1268 1091 1330 1158 pro
1346 1093 1422 1140 mea

189 1184 365 1252 tenuitate
379 1183 603 1270 promouebo.
622 1183 755 1250 Interea
772 1193 886 1251 tamen
901 1181 1012 1251 audeo
1027 1205 1089 1270 pro
1104 1205 1181 1252 meo
1192 1185 1304 1252 officio
1315 1207 1422 1272 spon-

184 1299 274 1368 dere
286 1301 329 1367 C.
345 1301 387 1366 T.
401 1320 473 1366 rem
485 1298 678 1365 conlectam
690 1296 743 1378 iri,
757 1319 798 1365 ac
808 1297 1005 1386 collegium,
1016 1297 1143 1367 vbi‘res
1154 1309 1257 1366 erunt
1267 1311 1418 1387 paratae,

186 1413 399 1482 mittendum
418 1415 441 1479 ¹.
460 1412 604 1480 Curabit
618 1411 725 1500 igitur
741 1413 782 1479 C.
801 1414 843 1479 T.
859 1413 899 1500 (si
910 1412 959 1480 ita
971 1412 1136 1502 videatur)
1155 1425 1227 1482 tum
1238 1415 1422 1484 restaurari

183 1529 453 1612 monasterium,
469 1539 542 1594 turn
555 1526 638 1594 illud
650 1549 729 1594 cum
740 1527 864 1596 annuis
876 1526 1065 1596 redditibus
1076 1528 1262 1596 vniendum
1275 1531 1287 1564 ¹
1301 1539 1420 1599 aucto·

186 1646 295 1715 ritate
312 1643 499 1732 apostolica
514 1643 563 1710 illi
578 1643 725 1732 collegio
737 1643 932 1713 Societatis.

262 1760 550 1830 Concionatorem
567 1779 660 1826 nunc
675 1758 857 1843 mitterem,
875 1769 910 1827 et
924 1759 1062 1843 quidem
1078 1762 1122 1827 D.
1142 1759 1343 1844 Henricum,
1356 1761 1423 1828 nisi

191 1875 393 1944 necessario
412 1886 504 1944 esset
523 1877 671 1944 hesurus
687 1873 860 1941 Coloniae.
881 1874 951 1942 Sed
970 1883 1083 1940 tamen
1100 1874 1198 1942 breui
1216 1896 1295 1941 curn
1312 1875 1423 1962 gratia

189 1991 337 2062 Domini
352 1990 529 2058 curabitur
552 1991 577 2070 ⁸,
600 1999 639 2054 vt
658 1989 714 2057 vel
733 1987 790 2055 hic
810 1988 866 2056 vel
886 1987 972 2054 alius
993 1989 1036 2054 ad
1056 2009 1181 2056 munus
1197 1990 1422 2064 concionandi

190 2107 344 2184 idoneus,
357 2107 402 2172 ad
418 2107 459 2173 C.
478 2107 520 2172 T.
539 2103 705 2171 mittatur.
724 2103 762 2173 Si
778 2101 860 2188 quid
876 2114 1050 2189 praeterea
1066 2104 1130 2174 erit
1145 2103 1363 2173 scribendum
1379 2108 1422 2172 ad

186 2225 234 2292 C.
254 2225 311 2306 T,
329 2223 406 2308 ejus
422 2219 471 2289 rei
487 2221 588 2287 datur
600 2221 613 2254 ⁴
626 2217 804 2306 negotium
816 2219 860 2284 D.
876 2217 1052 2286 Heinrico.
1068 2221 1263 2308 x.usJesus
1275 2241 1422 2307 genero-

187 2362 267 2407 sam
285 2338 353 2405 ⁸C.
373 2339 415 2404 T.
434 2357 474 2403 ac
489 2356 571 2404 vere
587 2333 788 2402 catholicam
805 2343 953 2401 mentem
965 2332 1077 2421 erigat
1088 2333 1124 2401 in
1136 2333 1221 2416 dies,
1240 2338 1423 2422 provehat-

185 2475 260 2540 que
275 2450 404 2519 divinis
419 2449 651 2534 incrementis,
669 2460 704 2518 et
720 2447 812 2515 omni
827 2458 997 2535 proventu
1013 2427 1180 2536 spirituali
1193 2448 1295 2516 faciat
1307 2451 1423 2518 effica-

188 2592 268 2638 cem
285 2589 326 2635 ac
343 2569 386 2635 R.
406 2569 447 2634 T.
466 2567 568 2634 illme
584 2569 628 2635 D.
648 2569 690 2633 T.
713 2562 926 2648 ecclesieque
946 2585 1010 2633 sue
1029 2563 1220 2634 diutissime
1240 2575 1354 2634 servet
1369 2566 1422 2632 in-

189 2686 381 2753 columem.

494 2970 539 3035 P.
577 2964 911 3033 HIERONIMUS
944 2963 1126 3031 NADAL

578 3079 698 3135 PATRI
717 3074 873 3150 JACOBO
893 3076 1040 3131 LAINEZ

537 3181 736 3238 uocuurrau,
757 3177 946 3222 saranum
970 3165 1038 3235 1562
1060 3167 1082 3222 ⁸.

188 3283 358 3348 Putamus,
371 3298 408 3336 ex
420 3276 637 3339 commissione,
651 3275 744 3330 Patri
755 3273 893 3338 Madrid,
906 3273 955 3327 die
970 3285 1006 3327 22
1027 3272 1162 3328 Octobris
1177 3271 1337 3345 epistolam
1349 3274 1427 3328 hanc

356 3369 464 3424 Patris
477 3366 591 3430 Nadal,
605 3381 666 3436 qua
678 3379 827 3430 caremus,
840 3363 918 3417 hisce
931 3361 1028 3416 verbu
1039 3365 1265 3418 commemorat:

263 3498 351 3563 «Del
367 3497 412 3562 P.
433 3493 550 3560 Nadal
564 3497 712 3558 anemos
727 3509 860 3554 nuauas
884 3509 928 3554 no
950 3487 1027 3553 ma's
1043 3489 1185 3576 frescas
1209 3507 1272 3574 que
1287 3487 1328 3552 de
1344 3485 1425 3552 Μα-

185 3609 512 3702 guaimarianae
526 3609 610 3675 auio
632 3606 674 3672 de
691 3605 812 3692 purtir
834 3603 870 3669 al
892 3603 1011 3669 ultimo
1031 3603 1071 3668 de
1091 3602 1275 3668 Seliembre
1286 3609 1380 3688 pura
1396 3602 1429 3668 el

248 3787 257 3818 ¹
298 3781 423 3851 Signum
437 3774 638 3834 admirationis
651 3773 700 3830 hic
712 3771 833 3828 adhibet
846 3771 992 3838 Humum
1007 3769 1060 3826 sed
1072 3778 1154 3826 recte
1165 3777 1196 3826 et
1205 3770 1377 3843 frequenter
1386 3771 1429 3825 di-

191 3871 272 3929 citur
285 3871 449 3943 collegium
469 3867 651 3922 mittendum
665 3863 695 3918 in
708 3861 835 3935 aliquam
848 3862 963 3930 urbem,
977 3876 1044 3916 curn
1056 3859 1093 3915 de
1107 3859 1206 3932 sociis,
1219 3859 1328 3933 quibus
1340 3861 1430 3915 colle-

191 3963 278 4034 gium
291 3967 430 4016 constare
442 3957 544 4027 debet,
559 3951 711 4010 mittendis
725 3967 822 4006 sermo
832 3957 888 4004 est.

246 4053 259 4086 ¹
299 4050 435 4104 Hausttu
447 4043 522 4116 legit
534 4043 708 4104 vivendum,
720 4047 750 4094 at
759 4039 924 4111 perperam,
935 4053 1003 4092 nam
1013 4036 1044 4092 in
1053 4035 1155 4092 codice
1166 4035 1340 4092 Kesseliano
1348 4043 1431 4092 recte

192 4139 341 4212 scriptum
354 4144 401 4192 est
413 4133 592 4190 numadum.

249 4229 261 4263 ¹
299 4227 452 4282 Hausttrt:
476 4221 535 4278 Sed
557 4225 661 4277 lamen
687 4217 771 4274 dreni
794 4216 970 4285 curabitur,
993 4211 1209 4286 praetermissis
1235 4211 1336 4268 verbis
1362 4231 1431 4269 cum

194 4317 307 4392 gratia
321 4313 461 4370 Domini.

251 4409 264 4441 ⁴
301 4405 366 4458 Hoc
385 4402 509 4457 verbum
526 4397 700 4472 imperfecte
719 4402 872 4452 exaratum
889 4392 961 4460 fuit,
978 4395 1073 4449 datur
1095 4400 1193 4447 tamen
1210 4390 1369 4462 legendum
1390 4393 1435 4446 vi-

195 4495 303 4552 detur.

257 4587 270 4620 ⁸
307 4580 519 4654 Apographum
532 4587 665 4636 nostrum
675 4577 766 4632 habet
776 4589 970 4648 genorosam.

255 4675 268 4708 ¹
305 4671 351 4728 Ex
363 4670 536 4742 archetypo,
549 4667 581 4722 in
596 4663 668 4722 Cod.
685 4663 777 4729 PLB,
791 4659 902 4736 duplici
915 4660 985 4734 fol,
999 4672 1030 4730 71
1047 4657 1136 4729 (358).
