3666 5384
393 437 427 493 52
830 420 863 474 Ρ.
884 412 1025 474 Nereus
1045 418 1209 474 Eranusa.

401 572 552 641 iudicum
569 571 709 639 calculis
725 572 908 638 damnatus
923 579 976 637 est
992 569 1103 637 bonus
1124 569 1253 650 Simon,
1272 590 1341 635 non
1358 569 1495 655 quidem
1517 569 1634 636 crimi-

401 689 454 756 nis
469 686 651 776 grauioris,
666 688 728 754 sed
738 688 831 772 quod
844 685 880 754 in
891 685 1025 754 ratione
1036 684 1184 752 instituti
1196 685 1291 754 varie
1303 707 1344 752 ac
1355 685 1508 773 grauiter
1520 706 1632 753 erras·

401 814 464 872 set:
483 801 610 870 indicta
626 812 678 870 est
690 799 738 868 illi
755 799 975 888 poenitentia.
1001 802 1079 867 Hoc
1100 799 1263 868 iudicium
1280 800 1461 870 videbatur
1480 800 1547 868 iam
1559 800 1630 888 pri-

402 941 494 986 mum
509 919 665 1003 probare;
683 938 754 1003 quo
782 927 903 1002 postea
914 915 1107 1002 repudiato,
1125 917 1310 1002 appellauit
1330 917 1336 1006 Ι
1356 919 1511 1003 exemplo
1523 917 1630 1004 pesti-

402 1036 492 1102 lente
504 1034 548 1100 ad
560 1032 766 1100 cardinalem
778 1052 976 1117 carpensem
989 1041 1228 1116 protectorem.
1240 1033 1297 1098 Ab
1312 1035 1378 1100 hoc
1392 1043 1505 1100 tamen
1514 1033 1630 1100 statim

402 1160 454 1218 est
469 1148 584 1217 iussus
599 1169 676 1216 esse
691 1147 726 1213 in
743 1146 867 1228 offici03
886 1145 1049 1214 rescitum
1067 1156 1181 1214 tamen
1198 1160 1316 1234 postea
1332 1148 1426 1214 illurn
1443 1151 1550 1218 breue
1565 1149 1631 1216 im·

402 1276 565 1352 petresse,
583 1274 620 1329 vt
641 1273 817 1332 excuteret
846 1260 1059 1330 obedientiae
1076 1261 1197 1349 iugum
1225 1265 1270 1329 ad
1295 1263 1399 1330 vitam
1423 1264 1632 1334 eremiticam

402 1381 583 1468 agendam;
602 1379 750 1446 sednon
766 1377 891 1463 prodijt
916 1379 982 1444 hoc
998 1378 1117 1444 breue.
1138 1379 1317 1444 Postremo
1332 1377 1380 1444 ita
1395 1399 1450 1446 res
1470 1389 1522 1446 est
1537 1400 1633 1446 com-

403 1495 525 1582 posita,
538 1503 577 1560 vt
586 1493 659 1580 ipse
675 1514 738 1560 sua
753 1494 931 1560 voluntate
952 1491 1095 1578 eligeret
1116 1491 1326 1580 peregrinari
1343 1492 1631 1582 Hierosolymam,

285 1667 290 1676 .
404 1632 473 1696 quo
490 1620 603 1678 tamen
619 1630 688 1676 non
705 1618 758 1677 est
770 1608 957 1694 profectuS,
975 1609 1068 1693 quod
1083 1608 1211 1675 bellurn
1227 1621 1318 1676 esset
1333 1608 1422 1678 inter
1441 1621 1583 1678 venetos
1598 1621 1634 1678 et

406 1728 556 1793 turchas.
576 1723 774 1810 Impetrauit
790 1745 810 1789 a
832 1725 871 1788 P.
897 1722 1032 1810 Ignatio
1048 1733 1087 1789 vt
1102 1723 1135 1789 ei
1150 1723 1267 1792 liceret
1286 1723 1322 1792 in
1338 1723 1485 1812 collegio
1506 1726 1560 1794 vel
1574 1747 1634 1792 ve·

406 1850 487 1910 neto
499 1841 552 1906 vel
564 1837 725 1926 patauino
738 1834 889 1926 [degere]
906 1858 949 1903 err
965 1837 1147 1925 priuilegio
1159 1837 1362 1925 diplomatis:
1379 1861 1447 1908 non
1459 1838 1633 1908 iudicabat

407 1967 521 2024 tamen
534 1957 574 2022 P.
585 1953 740 2041 Ignatius
752 1952 927 2020 sedauisse
938 1950 976 2044 [l]
987 1953 1023 2018 in
1036 1952 1093 2020 illo
1105 1953 1298 2040 superiores
1308 1956 1434 2022 fluctus
1445 1955 1547 2022 luet
1559 1967 1633 2023 tum

408 2070 501 2138 venit
528 2073 736 2150 Bassanum,
766 2069 824 2134 vbi
847 2069 942 2136 illum
971 2068 1132 2136 convenit
1160 2071 1205 2136 P.
1236 2069 1380 2152 Natalis,
1409 2080 1447 2136 vt
1474 2071 1633 2158 superius

409 2187 550 2255 dictum.

474 2303 542 2369 Hic
560 2305 661 2369 Pater
679 2319 697 2366 2
715 2300 827 2387 capita
843 2321 956 2368 rerum
975 2303 1016 2367 P.
1033 2301 1141 2386 Layni
1157 2301 1345 2387 proposuit,
1360 2303 1506 2370 alterum
1518 2323 1633 2383 suurn,

406 2419 550 2498 alterurn
568 2415 835 2483 bobadillanum:
856 2417 979 2483 tactam
994 2414 1060 2482 sibi
1076 2415 1234 2484 iniuriam
1262 2416 1298 2482 in
1313 2416 1441 2503 iudicjo
1463 2427 1582 2486 contra
1598 2437 1638 2484 se

408 2533 501 2599 dicto
525 2535 547 2614 ¹3
566 2531 663 2617 quasi
685 2552 810 2598 nouam
826 2517 956 2616 ,causae
975 2529 1206 2618 cognitionem
1228 2531 1394 2619 exigeret:
1412 2532 1521 2600 videri
1536 2555 1638 2618 prae-

410 2658 504 2717 terea
535 2645 602 2713 sibi
632 2645 891 2733 gubernandam
923 2645 1130 2714 Societatem
1156 2669 1217 2732 per
1243 2647 1371 2734 primos
1390 2649 1561 2734 professos
1592 2670 1637 2717 ex

409 2763 630 2832 aristocratia.
655 2761 722 2829 Hic
749 2759 856 2848 igitur
885 2761 1022 2829 fauebat
1051 2761 1260 2846 Bobadillae;
1285 2774 1405 2850 postea
1421 2773 1535 2831 tamen
1555 2784 1636 2832 eum

409 2879 572 2959 deseruit,
590 2878 683 2963 quod
703 2875 846 2943 inferius
867 2875 1012 2944 dicetur:
1038 2877 1240 2963 Violamque
1256 2878 1378 2946 mirum
1393 2901 1464 2946 non
1485 2879 1549 2946 luit
1565 2881 1632 2946 Bo·

410 2993 555 3062 badillae
575 2993 581 3082 Ι
601 2991 827 3072 subscribere3
847 2993 1021 3060 metuebat
1033 2991 1123 3061 enirn
1141 2995 1181 3060 Ρ.
1201 2995 1364 3079 Laynem,
1383 2995 1543 3079 adquam
1555 3015 1638 3081 gra-

410 3108 550 3177 uissime
565 3109 677 3174 suerat
694 3107 839 3187 delarue,
857 3116 939 3188 etc,
962 3117 998 3174 et
1017 3117 1091 3175 erat
1111 3107 1237 3193 alioqui
1260 3107 1427 3176 liberioris
1443 3108 1585 3197 ingenii,
1603 3121 1640 3176 et

411 3223 582 3294 liberrime
598 3233 717 3310 egerat
732 3224 858 3289 multos
874 3243 984 3290 annos
1000 3223 1036 3289 in
1051 3223 1174 3291 Gallia.

476 3341 532 3405 De
551 3337 704 3404 Adriano
723 3347 775 3405 sat
795 3348 848 3406 est
869 3338 952 3404 illud
972 3337 1098 3422 dicere,
1121 3341 1216 3424 quod
1252 3341 1351 3408 sere¹
1373 3339 1458 3406 nihil
1488 3361 1639 3426 vnquam

410 3451 575 3522 intellexit
592 3454 634 3520 de
650 3451 832 3522 Societatis
848 3452 1018 3535 instituto,
1036 3475 1211 3541 nunquam
1227 3477 1270 3523 ex
1286 3455 1364 3522 illus
1375 3455 1495 3542 propia
1507 3455 1640 3526 ratione

410 3567 507 3648 vixit,
525 3577 560 3634 et
576 3567 713 3652 quidem
731 3570 834 3636 Pater
849 3578 903 3634 sat
918 3577 970 3637 est
986 3579 1089 3635 notus
1106 3571 1132 3635 ⁸.

477 3686 531 3750 De
548 3682 725 3750 Bobadilla
735 3681 865 3769 prolixa
880 3694 970 3750 esset
986 3683 1146 3766 narratio;
1164 3685 1226 3752 sed
1240 3705 1420 3754 necessum
1431 3685 1493 3752 88
1508 3685 1639 3772 aliquid

411 3797 535 3866 dioere.
555 3797 623 3864 Hic
640 3796 800 3865 dissensit
816 3819 836 3864 a
853 3799 892 3864 Ρ.
912 3797 1046 3884 Ignatio
1062 3809 1097 3866 et
1113 3799 1133 3864 8
1152 3799 1311 3867 Patribus
1326 3801 1370 3868 de
1382 3803 1486 3870 rebus
1502 3800 1639 3889 grauis—

412 3913 506 3982 simis
532 3924 612 3980 ante
643 3913 824 3982 Societatis
847 3913 1151 3997 confirmationem;
1180 3915 1296 4001 itaque
1323 3926 1461 4003 propter
1483 3939 1562 3986 eum
1585 3928 1640 3985 est

413 4040 495 4096 tunc
510 4030 698 4098 decretum:
717 4027 746 4095 si
762 4029 839 4114 quis
859 4030 903 4095 ab
923 4027 998 4114 alijs
1019 4028 1054 4095 in
1076 4030 1246 4100 sententia
1265 4031 1473 4119 discreparet
1493 4032 1528 4099 in
1544 4054 1641 4100 corn·

412 4145 507 4212 muni
534 4167 649 4214 rerum
672 4143 875 4211 tractatione
898 4166 942 4212 ne
958 4144 1207 4230 admitteretur,
1222 4146 1296 4216 eius
1322 4148 1438 4233 itaque
1465 4148 1501 4215 in
1524 4147 1645 4236 primis

412 4260 497 4328 actis
514 4261 636 4327 nullun
653 4271 705 4329 est
722 4259 920 4346 vestigium.

414 4383 612 4404 -b—

468 4453 477 4486 ¹
514 4449 711 4518 siccamus
726 4451 785 4504 loc.
802 4447 867 4520 cit,
881 4467 911 4503 n.
925 4459 973 4518 74.

465 4541 477 4572 ¹
515 4539 733 4611 Ms.,adfere.

464 4629 476 4661 ⁸
512 4627 708 4696 siccamus,
723 4629 782 4683 loc.
800 4627 871 4700 cit.,
885 4645 913 4682 n.
924 4640 971 4697 74.
