3604 5380
332 436 369 494 7⁴
761 423 793 476 Ρ.
815 420 955 478 Nassum
973 423 1139 477 Ernsum.

334 574 596 676 hortationibus,
618 594 706 660 quae
725 595 795 640 non
815 572 1032 644 mediocriter
1050 572 1182 640 animos
1203 575 1344 640 fratrum
1366 571 1560 641 excitabant

332 691 402 781 [ad]
418 691 581 778 pietatem
598 691 618 755 ¹.

402 804 543 874 Etiamsi
562 826 633 872 non
652 804 835 872 admodum
858 825 914 872 me
939 804 1100 871 mouebat
1122 803 1269 870 defectio
1289 803 1485 882 Andradae,
1509 812 1561 867 ta·

334 943 426 1002 men,
460 921 552 1007 quod
574 919 807 1006 intelligebam
831 927 969 1006 gratum
991 919 1064 988 fore
1093 919 1222 1000 multis,
1247 919 1429 1006 diligenter
1455 917 1559 984 misso

336 1038 376 1105 P.
407 1035 728 1115 MichaeleGomez,
742 1033 837 1102 illum
861 1033 980 1102 curaui
1003 1033 1140 1120 inquiri,
1169 1043 1216 1115 et,
1241 1033 1407 1119 promissa
1425 1031 1432 1123 Ι
1452 1032 1556 1102 errati

334 1149 519 1230 obliuione,
537 1149 666 1218 reduci.
691 1148 914 1218 Satisfactum
934 1147 1071 1236 quidem
1091 1151 1156 1216 hac
1180 1148 1359 1237 diligentia
1381 1149 1557 1232 fratribus,

334 1267 393 1333 illa
408 1277 522 1334 tamen
539 1274 677 1332 nonest
693 1273 860 1351 repertus.

402 1383 455 1450 Ne
475 1380 580 1447 abitio
605 1380 789 1448 Andradae
811 1379 1077 1466 Vlisyponenses
1103 1382 1240 1448 turbare
1263 1390 1389 1467 posset,
1406 1379 1478 1446 dixi
1494 1379 1560 1448 Mi-

335 1497 411 1564 roni
431 1510 469 1561 vt
488 1495 653 1564 scriberet
673 1494 799 1574 literam,
822 1494 948 1580 quibus
970 1495 1180 1582 significaret
1203 1505 1353 1580 quantus
1376 1506 1468 1563 esset
1488 1495 1560 1562 fru-

332 1624 413 1679 ctus
433 1610 579 1697 collegio
601 1610 725 1677 allatus
743 1609 811 1676 illis'
825 1611 943 1698 paucis
957 1610 1091 1693 diebus;
1110 1621 1242 1677 tanturn
1259 1622 1373 1679 tamen
1397 1611 1507 1678 abfuit
1522 1621 1561 1676 vt

335 1731 472 1796 obesset
498 1728 511 1760 '
541 1725 664 1792 animis
694 1726 836 1792 fratrum
866 1725 924 1792 illa
955 1726 1050 1814 fuga,
1077 1719 1121 1792 ¹vt
1150 1725 1230 1792 inde
1261 1726 1396 1793 occasio
1424 1725 1560 1794 maioris
1647 1717 1650 1721 ’

335 1839 605 1910 confirmationis
619 1839 665 1908 sit
679 1851 831 1927 accepta.

405 1959 582 2026 Habebam
610 1957 807 2044 frequentes
833 1955 1100 2038 exhortationes,
1134 1968 1170 2022 vt
1197 1957 1317 2024 nullibi
1336 1959 1452 2044 plures
1472 1957 1560 2025 ¹43

337 2073 526 2142 habuerim.
543 2091 586 2140 20
601 2072 642 2161 (si
654 2081 747 2140 recte
759 2072 871 2158 teneo)
884 2074 1037 2155 fuerunt,
1052 2075 1145 2158 quod
1159 2095 1230 2139 non
1252 2073 1317 2139 fuit
1337 2072 1418 2139 mihi
1439 2095 1558 2160 graue:

340 2189 515 2270 illud'suit,
533 2187 626 2275 quod
642 2186 769 2256 fuerint
788 2186 871 2253 mihi
887 2199 956 2254 tam
976 2188 1084 2255 multa
1098 2199 1133 2254 et
1152 2188 1246 2255 varia
1265 2188 1437 2276 proposita
1450 2209 1562 2275 nego·
1628 2216 1634 2230 ·

339 2305 404 2386 cia,
422 2303 664 2384 dubitationes,
678 2301 898 2387 djficultates,
915 2301 1041 2388 quibus
1055 2325 1233 2370 necessum
1251 2304 1315 2370 fuit
1331 2303 1491 2371 omnibus
1507 2324 1563 2370 re·

339 2421 520 2506 spondere:
538 2428 575 2486 et
589 2417 733 2504 primum
751 2417 886 2502 quidem
903 2417 947 2486 de
963 2417 1127 2505 negociis,
1146 2440 1234 2506 quae
1253 2421 1467 2506 proponebat
1483 2440 1562 2506 pro-

340 2544 477 2602 curator
497 2532 700 2601 Franciscus
725 2531 906 2615 HenriceS,
928 2543 1043 2600 actum
1069 2545 1133 2616 est,
1161 2547 1196 2603 et
1219 2535 1380 2602 remissus
1401 2533 1562 2621 Vlysipo-

340 2655 419 2717 nam
436 2650 492 2717 ille
509 2651 611 2716 Pater
627 2651 653 2715 ³.

407 2765 474 2834 Hic
486 2761 569 2830 mihi
585 2763 709 2850 obtigit
721 2765 814 2850 quod
827 2786 895 2832 non
906 2764 1043 2833 videtur
1055 2765 1290 2834 omittendum.
1300 2767 1465 2836 Solebant
1477 2787 1562 2832 con-

339 2880 453 2965 siliarij
472 2879 519 2945 ita
534 2901 637 2965 agere
656 2879 663 2968 Ι
682 2878 718 2945 ἱῃ
730 2879 991 2946 consultatione:
1006 2891 1043 2946 vt
1057 2881 1127 2949 fere
1139 2881 1267 2967 singuli
1278 2880 1363 2946 nihil
1373 2880 1477 2962 aliud,
1495 2882 1562 2948 du-

340 2995 407 3080 bijs
428 2993 575 3077 iniectis,
598 3015 669 3062 rem
689 2995 703 3027 ⁸
725 2996 875 3063 facerent
895 2995 1126 3064 obscuriorem
1147 3008 1181 3063 et
1197 2995 1307 3083 magis
1329 2996 1507 3077 incertam,
1524 3007 1563 3062 vt

341 3112 441 3198 plane
464 3130 532 3175 non
559 3119 674 3195 posset
694 3120 851 3177 constare
871 3109 1176 3196 superintendenti.
1201 3113 1281 3178 Hoc
1307 3133 1424 3196 quum,
1446 3109 1564 3177 habita

338 3223 433 3316 [una]
445 3235 506 3291 aut
517 3224 623 3292 altera
634 3224 898 3306 consultatione,
912 3224 996 3291 mihi
1007 3225 1441 3312 contigisset,confidenter
1452 3225 1563 3291 omni-

340 3342 407 3408 bus
422 3337 675 3407 consultoribus
690 3336 784 3428 [dixi]
801 3350 839 3405 vt
855 3339 1000 3421 abirent,
1019 3350 1172 3409 maneret
1185 3340 1296 3408 Miron
1307 3349 1342 3407 et
1362 3351 1486 3421 rector,
1504 3339 1565 3426 qui

341 3454 422 3524 mihi
435 3465 663 3542 proponerent
677 3476 733 3521 res
747 3476 840 3521 suas:
855 3477 922 3534 me,
936 3453 1002 3520 illis
1017 3455 1197 3537 consultis,
1212 3454 1363 3524 breuiter
1378 3477 1565 3542 responsu-

340 3592 428 3637 rum.
447 3571 551 3655 Quod
578 3569 661 3636 mihi
683 3579 719 3638 et
746 3569 811 3635 fuit
838 3568 1080 3650 necessarium,
1109 3581 1144 3636 et
1171 3572 1258 3638 bene
1285 3570 1400 3651 cessit3
1418 3570 1561 3658 alioqui,

337 3706 444 3771 quum
456 3684 515 3752 illo
527 3684 673 3772 collegio
686 3684 806 3752 fuerim
820 3703 839 3750 2
857 3705 1004 3764 menses,
1019 3705 1089 3750 non
1104 3683 1248 3752 fuissent
1265 3684 1348 3752 satis
1365 3685 1450 3753 144
1469 3697 1560 3754 octe.

341 3803 383 3868 Et
400 3811 515 3869 tamen
535 3821 624 3886 quae
649 3799 891 3886 responderam
910 3800 1078 3867 curabam
1105 3799 1259 3869 exhiberi
1283 3801 1465 3868 iudicanda
1488 3801 1563 3887 alijs

339 3914 552 4002 consiliarijs,
586 3925 622 3985 et
642 3914 833 3995 mutabam,
856 3913 886 3980 si
906 3913 989 3999 quid
1019 3916 1107 3983 bene
1128 3914 1334 3982 videbantur
1348 3967 1352 3978 .
1365 3917 1561 3986 admonere.

338 4033 415 4098 Hac
442 4032 603 4100 methodo
629 4029 725 4100 euasi
752 4029 902 4096 duuidas
921 4029 1206 4117 portugallenses:
1225 4029 1273 4097 ita
1299 4029 1364 4118 ipsi
1392 4032 1566 4118 appellant

338 4145 572 4215 dubitationes
588 4149 613 4212 ⁸.
640 4177 653 4208 ι

393 4275 402 4306 ¹
439 4268 833 4338 Saccmrus,loc..cit.,n.
851 4281 893 4340 19.

390 4362 403 4394 ¹
441 4359 510 4431 Ms,
523 4359 678 4415 obedesset.

389 4445 401 4478 ⁸
438 4445 708 4516 snccnrnus,1oc.
725 4447 789 4518 cit,
803 4463 854 4502 nn.
871 4458 973 4517 14,15.

390 4537 404 4569 ⁸
440 4533 508 4604 his,
526 4551 585 4591 res.

391 4625 404 4656 ⁸
440 4623 634 4694 Saccumus,
648 4627 705 4682 loc.
717 4627 782 4699 cit,
795 4628 847 4690 lib.
861 4641 892 4696 v,
907 4645 936 4683 n.
953 4640 996 4697 14.
