3504 5386
638 489 671 546 27
691 478 841 547 Jartuann
862 477 931 548 1564
1337 475 1391 546 487

162 632 249 699 altre
265 629 390 698 bande.
409 630 511 700 Onde
522 627 630 698 siamo
645 627 760 694 ridotti
781 629 847 695 alla
862 630 952 698 valle
974 628 1009 696 di
1021 629 1204 700 ¹Strittnra.
1224 629 1261 700 Si
1276 632 1393 698 danno

161 749 278 814 buone
293 745 421 830 parolle
437 746 469 811 al
485 754 612 813 rettore
627 754 756 825 nostro,
774 745 834 810 sed
849 745 939 810 nihil
953 747 1046 812 uenit
1061 767 1169 833 noque
1180 767 1223 814 ex
1234 768 1318 814 arao
1330 768 1393 812 ne-

164 882 228 948 que
243 881 287 926 ex
304 861 482 928 torculari.
501 861 537 927 Io
553 861 657 927 credo
671 861 736 926 che
754 860 787 925 la
803 879 865 928 sua
889 860 965 927 fede
980 863 1111 948 grande
1126 865 1183 930 nel
1198 862 1345 950 Signore
1359 862 1392 929 ci

163 984 320 1043 sustenta
340 973 434 1053 tutti,
451 979 486 1040 ot
506 996 575 1040 non
595 995 638 1040 ex
657 975 725 1040 solo
739 981 832 1060 purte
851 976 947 1040 viuol
968 975 1075 1058 homo,
1091 989 1157 1044 etc.
1181 979 1260 1045 Alla
1280 980 1321 1045 R.
1344 979 1389 1046 V.

163 1092 272 1157 molto
290 1087 322 1156 ci
344 1088 662 1158 riccomnrandiamo
683 1090 748 1157 alle
767 1110 829 1157 sne
850 1091 995 1156 orationi
1015 1102 1050 1158 et
1071 1092 1239 1173 sacrificii,
1257 1104 1323 1162 etc.
1348 1092 1393 1162 Di

167 1205 313 1286 Vienna,
331 1226 352 1272 a
368 1221 410 1286 27
427 1204 461 1270 di
477 1204 634 1273 Gennaio
661 1205 755 1288 1564.
778 1204 824 1272 Di
844 1206 887 1273 V.
908 1205 948 1270 R.
968 1206 1072 1275 filiolo
1093 1220 1128 1278 et
1147 1231 1248 1277 seruo
1269 1208 1302 1274 in
1319 1211 1394 1276 Do—

164 1321 259 1396 mino
271 1331 402 1401 nostro,

816 1465 1003 1538 NrcoLaus
1028 1467 1212 1536 Lauorns.

231 1669 264 1733 A
281 1673 391 1756 tergo:
408 1613 475 1734 stis.
496 1668 542 1735 Al
558 1671 662 1736 molto
679 1671 765 1737 Rd0.
785 1669 820 1736 in
832 1669 970 1737 Christo
983 1672 1094 1744 Padre
1106 1668 1308 1742 Hieronimo
1321 1671 1395 1736 Na·

165 1785 249 1864 tale,
267 1783 499 1851 commissario
515 1785 604 1852 della
619 1787 832 1872 Compagnia
847 1786 882 1852 di
896 1787 1017 1868 Giesii,
1035 1787 1070 1852 in
1087 1789 1205 1867 Roma,
1224 1788 1349 1854 odone
1366 1769 1394 1853 si

166 1909 279 1966 troua.
305 1900 386 1964 Alio
408 1919 527 1964 manu:
552 1901 635 1984 1563
655 1897 739 1988 [sicl.
760 1901 877 1968 Viena.
903 1905 963 1968 Pa
984 1901 1118 1990 Lanoij.
1144 1918 1185 1983 27
1202 1901 1236 1967 di
1252 1899 1397 1987 Giugno

166 2013 242 2106 [sic]
262 2017 284 2080 ¹.
308 2014 497 2102 Vestigium
513 2015 637 2103 sigilli.

164 2235 258 2300 citato
270 2251 412 2307 appresso
424 2235 522 2306 questi
535 2234 646 2305 signori
658 2253 711 2308 per
723 2237 851 2292 hauerne
867 2238 990 2310 qualche
1007 2237 1208 2306 conclusione,
1222 2236 1241 2292 il
1259 2236 1307 2291 S.r
1321 2237 1396 2291 Leo-

163 2320 258 2376 nardo
276 2321 401 2376 Puehler
418 2321 578 2393 principale
596 2329 627 2376 et
643 2323 721 2378 nella
738 2339 854 2377 camera
870 2313 980 2394 aulica,
998 2330 1029 2377 et
1050 2330 1150 2378 nostro
1166 2321 1296 2392 fautore,
1314 2320 1395 2377 final-

164 2420 267 2466 mente
281 2409 458 2466 tenendome
471 2427 541 2465 seco
553 2427 594 2472 nn
604 2427 678 2481 gran
691 2428 794 2483 pezzo,
804 2411 843 2466 mi
852 2410 932 2466 disse
943 2412 972 2467 in
983 2429 1094 2466 somma
1103 2413 1201 2483 quello
1211 2410 1266 2465 che
1279 2409 1394 2480 siegue:

164 2499 225 2554 uSe
239 2498 333 2554 siamo
346 2499 516 2554 finalmente
528 2500 699 2570 congregati
712 2500 732 2556 il
751 2501 784 2555 P.
798 2501 836 2558 D.
851 2499 987 2571 Geuger,
1001 2502 1039 2556 D.
1058 2500 1174 2568 Seldio‚
1188 2501 1225 2554 D.
1240 2500 1352 2554 Weber
1364 2509 1395 2554 et

163 2589 193 2642 io
207 2605 224 2642 a
237 2587 317 2660 quali
331 2589 358 2642 la
371 2589 448 2642 MA&
461 2587 587 2644 Cesarea
599 2588 686 2644 diedo
697 2587 747 2660 gia
759 2589 1023 2645 communicatione
1040 2589 1071 2644 di
1087 2589 1184 2662 questi
1202 2587 1294 2644 uestri
1305 2603 1396 2658 nego-

164 2676 212 2746 tii,
226 2686 258 2731 et
270 2676 367 2749 doppo
380 2677 471 2732 molta
482 2676 716 2733 consideratione
730 2686 761 2737 et
776 2677 908 2734 discorso
925 2696 977 2751 per
994 2679 1089 2750 spatio
1101 2678 1186 2751 quasi
1202 2677 1232 2733 di
1249 2676 1307 2732 due
1324 2678 1397 2730 hore

163 2782 254 2836 sopra
266 2772 371 2838 queste
384 2780 464 2832 cose,
477 2765 505 2820 ci
518 2765 610 2820 siamo
623 2766 752 2834 rissoluti
764 2765 1013 2821 conformemente
1027 2767 1057 2820 in
1074 2775 1179 2838 questa
1195 2763 1397 2833 conclusione,

165 2857 223 2908 che
236 2871 297 2908 non
309 2853 326 2908 e
339 2861 514 2925 opportuno,
528 2871 566 2908 ne
579 2856 672 2910 anche
684 2853 856 2926 espediente
869 2854 890 2910 il
904 2855 1043 2926 spingere
1053 2853 1103 2926 piis
1115 2853 1213 2926 questi
1223 2853 1335 2924 negotii
1345 2869 1399 2924 per

165 2945 251 3012 hora,
264 2943 403 2998 massime
415 2941 446 2998 in
458 2951 562 3015 questa
571 2943 634 2998 cosi
642 2959 733 3014 graue
743 2951 774 2999 et
783 2944 944 3016 pericolosa
954 2941 1100 3000 infermiti
1110 2942 1158 2998 del
1168 2943 1397 3014 imperatore...»

164 3033 212 3086 Ex
225 3033 419 3103 autographo,
433 3031 464 3086 in
479 3029 550 3086 Cod.
564 3045 603 3100 29
616 3033 645 3102 c)
658 3031 708 3086 iol.
723 3045 758 3102 50
770 3035 856 3102 (244).

225 3113 232 3154 t
270 3119 347 3174 Tum
360 3137 465 3188 annuS,
476 3128 539 3175 tum
550 3119 638 3175 etiam
652 3119 772 3191 mensis,
783 3138 935 3193 perperam
945 3121 993 3176 hic
1006 3125 1194 3190 annotantur,
1206 3136 1273 3174 cnm
1284 3119 1396 3174 nullum

164 3207 290 3262 dubium
301 3208 370 3263 oriri
380 3208 472 3280 possit
482 3208 594 3278 legenti
604 3209 758 3280 epistolam
768 3209 881 3280 Lauoii‚
891 3209 961 3282 quin
971 3209 1020 3264 die
1030 3205 1398 3280 nJonuariianno1564

164 3297 280 3369 scriptu
293 3298 346 3354 sit.
