3526 5380
623 484 658 542 23
676 485 850 542 Frsnursrr
872 478 940 550 1563
1329 489 1385 547 215

165 641 270 710 fuesse
290 661 359 707 uno
379 640 420 705 de
440 639 677 704 communione
691 636 753 704 sub
768 641 914 721 utraque
933 636 958 716 ¹3
984 655 1006 720 y
1029 643 1102 702 este
1126 633 1191 700 ellit
1214 637 1287 702 estt
1309 637 1386 698 mes

164 755 339 842 cumplido.
350 755 387 824 Si
399 756 442 823 V.
455 757 497 821 R.
512 755 673 822 entendia
686 774 752 838 que
766 753 881 820 fuesse
892 751 924 817 el
939 749 980 816 de
992 749 1113 814 ordine
1124 771 1147 835 y
1159 747 1382 827 residentio',

164 892 207 938 no
222 877 291 938 esttr
307 871 470 951 acabado,
488 869 523 935 ni
539 871 687 956 despues
698 869 742 936 de
757 889 799 934 su
814 865 946 954 partida
960 867 1005 931 ha
1022 866 1065 932 N.
1082 867 1122 932 Ρ.
1141 863 1285 950 passado
1301 862 1385 929 ade*

166 986 250 1054 lante
265 1007 309 1054 en
324 987 367 1053 el.
388 985 527 1065 Hartlo,
545 983 724 1071 placiendo
739 989 759 1049 ά
774 982 870 1063 Dios,
888 1001 987 1048 como
1002 1003 1065 1067 aya
1086 979 1225 1066 tiempo.

225 1115 255 1184 5.
304 1101 345 1166 El
361 1100 460 1186 papel
475 1121 542 1184 que
558 1099 691 1168 escriue
706 1087 750 1166 V.
766 1099 807 1166 R.
826 1097 869 1164 de
884 1097 935 1163 los
947 1116 1044 1164 casos
1056 1095 1269 1174 reseruados,
1281 1115 1325 1180 yo
1337 1114 1387 1159 no

164 1215 193 1283 le
206 1216 297 1282 hallo
312 1226 409 1284 entre
423 1216 474 1282 los
488 1215 625 1302 papeles
640 1235 708 1298 que
723 1215 767 1281 he
784 1211 911 1300 podido
932 1211 1035 1278 mirer
1050 1212 1148 1278 hasta
1169 1211 1289 1276 haora:
1308 1207 1336 1274 si
1352 1209 1387 1274 le

164 1331 298 1412 hallase,
315 1331 348 1396 le
363 1329 523 1398 embiare.

224 1447 255 1512 6.
305 1447 370 1513 Del
390 1445 531 1512 escriuir
556 1451 576 1511 tr
599 1445 748 1513 menudo
771 1449 791 1511 tt
814 1443 989 1530 Hispruch
1011 1463 1049 1509 se
1073 1443 1192 1509 tendrd
1214 1438 1384 1526 cuydado,

164 1559 421 1647 especialmente
437 1581 533 1626 come
548 1581 647 1646 passe
662 1581 744 1626 aora
760 1561 791 1626 la
807 1558 935 1644 priessa
955 1559 998 1624 de
1019 1549 1196 1626 escriuirtr
1220 1557 1385 1642 Portugal
1456 1547 1459 1562 '

165 1698 187 1761 y
201 1678 335 1762 Espafta
350 1697 415 1742 con
432 1697 479 1742 un
494 1697 612 1742 correo
628 1696 695 1760 que
711 1681 783 1742 esto
799 1679 878 1760 aqut
894 1674 991 1759 quasi
1005 1675 1048 1741 de
1061 1672 1204 1760 partida.

228 1809 259 1874 7.
308 1793 359 1859 Lo
374 1811 442 1876 que
459 1793 502 1858 V.
520 1793 561 1857 R.
582 1790 715 1858 escriue
730 1790 774 1856 de
790 1789 943 1871 Andrea,
961 1812 1005 1874 ya
1020 1811 1058 1858 se
1077 1793 1167 1858 tenia
1187 1792 1248 1854 aed
1264 1798 1388 1855 enten-

167 1905 253 1987 did03
271 1927 401 1992 porque
417 1908 449 1974 el
465 1929 502 1974 se
514 1907 650 1973 declar6
665 1907 697 1972 al
712 1905 889 1992 principio.

231 2023 262 2088 8.
310 2023 417 2088 Entre
432 2032 528 2088 tanto
544 2043 611 2107 que
634 2025 701 2107 hay
719 2021 872 2108 aprietan
895 2021 948 2087 los
971 2019 1135 2107 negocios
1158 2028 1346 2104 presentes
1364 2039 1390 2103 y

167 2139 209 2206 de
230 2139 262 2204 la
285 2137 506 2224 importantia
521 2157 588 2222 que
605 2140 647 2204 V.
667 2139 707 2204 R.
728 2135 872 2217 escriue,
889 2141 1047 2223 pareest
1069 2137 1113 2202 N.
1133 2137 1173 2202 Ρ.
1200 2155 1267 2219 que
1290 2154 1335 2199 no
1350 2155 1391 2202 es

168 2250 429 2321 inconueniente
443 2253 633 2338 suspender
649 2251 682 2318 lo
698 2253 742 2319 de
757 2252 810 2318 los
826 2250 939 2318 auisos
955 2273 977 2336 y
992 2250 1128 2338 dialogo
1144 2252 1169 2330 ³,
1188 2260 1270 2331 etc.,
1288 2267 1386 2334 espo-

168 2366 345 2435 cialmente
361 2377 555 2434 entretanto
570 2389 637 2452 que
653 2388 690 2433 sc
706 2389 880 2453 esperasse
895 2367 1001 2452 algdn
1018 2367 1125 2446 lrut0,
1143 2371 1164 2432 6
1180 2365 1222 2434 de
1238 2364 1391 2449 malque

169 2504 205 2550 se
219 2481 366 2568 empida,
385 2488 406 2548 6
421 2482 464 2550 de
479 2482 559 2550 bien
575 2504 642 2567 que
654 2505 691 2550 se
706 2484 843 2551 ordene.
860 2483 1016 2568 Despues
1028 2481 1134 2567 podrtr
1149 2479 1265 2567 seguir
1281 2481 1324 2547 V.
1343 2481 1388 2544 R.

169 2603 216 2664 asi
230 2619 276 2664 en
291 2599 325 2663 lo
340 2595 455 2678 dicho,
473 2618 571 2664 como
586 2619 630 2664 en
646 2597 679 2663 la
692 2597 803 2681 uisita,
822 2607 888 2666 etc.

232 2735 266 2800 9.
314 2714 365 2780 La
380 2714 465 2781 letra
480 2713 524 2780 de
539 2711 718 2800 Maguntia
734 2735 800 2799 que
820 2735 866 2780 no
885 2734 923 2779 se
939 2712 1050 2782 embi6
1066 2722 1245 2790 entonces,
1264 2729 1301 2776 se
1316 2731 1389 2778 em-

170 2829 222 2894 bia
237 2849 355 2914 agora,
373 2851 396 2914 y
411 2833 568 2896 remitese
584 2833 605 2894 ά
620 2830 662 2895 V.
680 2831 721 2898 R.
739 2829 770 2894 la
788 2849 867 2895 cosa
888 2849 1014 2913 queen
1031 2827 1096 2896 ella
1110 2832 1192 2895 uerd
1213 2824 1290 2912 pide
1305 2831 1390 2891 con*

170 2945 269 3010 sulla:
289 2943 438 3009 tambien
454 2964 491 3009 se
507 2945 642 3011 emblan
658 2943 779 3010 ciertas
794 2944 907 3024 letrae,
921 2964 1057 3029 aunque
1074 2941 1191 3028 uiejas,
1205 2943 1247 3008 de
1265 2943 1391 3008 Portu-

171 3060 237 3144 gal;
255 3081 278 3143 y
294 3057 439 3145 algunas
455 3069 546 3125 otras
562 3079 600 3125 se
616 3057 787 3127 embiardn
797 3059 840 3126 de
852 3060 999 3146 Esparla,
1011 3079 1109 3124 como
1125 3080 1161 3126 se
1177 3059 1266 3143 haya
1281 3057 1393 3125 hecho

170 3174 201 3241 la
216 3185 405 3260 respuesta.

239 3308 289 3356 10.
339 3289 386 3357 Se
402 3289 587 3358 entenderir
603 3313 647 3358 en
661 3290 695 3356 lo
716 3290 759 3356 de
779 3288 945 3376 Segobia,
963 3311 986 3374 y
1006 3311 1044 3358 se
1063 3289 1145 3355 dart
1165 3287 1262 3355 auiso
1283 3289 1325 3354 de
1340 3287 1395 3354 los

173 3442 371 3458 ——n—n—

225 3543 234 3574 ¹
273 3539 363 3594 Hunc
375 3546 531 3594 tractatum
544 3538 637 3594 edidit
649 3539 684 3594 P.
698 3540 830 3606 Grrrsnn,
845 3541 904 3594 loc.
921 3539 990 3607 cit,
1004 3540 1043 3609 ΙΙ,
1058 3551 1140 3609 24-74
1164 3539 1201 3594 Et
1214 3537 1244 3594 in
1261 3541 1394 3612 prolego-

172 3627 264 3682 menis
286 3626 420 3698 ejusdem
443 3627 612 3699 voluminis,
625 3645 696 3700 pag.
716 3641 759 3698 14,
772 3629 844 3684 haec
863 3629 939 3683 inter
957 3629 1012 3683 alia
1030 3627 1067 3683 de
1084 3629 1138 3682 hoc
1159 3629 1267 3701 scripto
1279 3629 1317 3683 ab
1329 3645 1393 3684 eru·

172 3715 230 3770 dito
244 3715 358 3770 editore
371 3714 567 3787 proferuntur:
580 3717 684 3772 «Nulla
694 3715 779 3772 nobis
792 3725 861 3772 nota
871 3724 917 3771 est
927 3717 1119 3786 elucubratio,
1130 3735 1204 3789 quae
1219 3717 1318 3787 majori
1328 3734 1396 3772 cum

173 3804 253 3876 copie
266 3822 301 3859 ac
314 3804 448 3860 claritate
460 3805 557 3860 omnia
571 3815 717 3861 momenta
730 3807 847 3861 evolvat
860 3805 890 3860 in
909 3805 1034 3862 concilio
1047 3805 1218 3860 Tridentino
1231 3805 1308 3861 circa
1321 3805 1394 3878 peti-

174 3892 281 3948 tionem
294 3893 396 3949 calicis
408 3894 438 3949 in
450 3893 715 3950 considerationem
730 3903 843 3965 vocata,
856 3912 943 3967 quarn
953 3894 1047 3949 Lainii
1060 3893 1248 3949 Consultatio
1260 3897 1296 3950 dc
1306 3897 1399 3952 calice

175 3981 259 4038 laicis
268 3983 489 4056 porrigendo.»

224 4075 235 4106 ¹
273 4069 380 4127 Sermo
393 4089 459 4127 esse
473 4071 590 4128 videtur
600 4072 638 4127 de
657 4070 707 4128 illo
721 4071 830 4144 scripto
842 4075 878 4128 de
891 4074 997 4128 ordine
1016 4091 1112 4138 sacro,
1130 4073 1208 4146 quod
1224 4071 1254 4127 in
1272 4072 1397 4144 epistola

175 4159 303 4230 Polanci,
315 4177 353 4216 ex
363 4159 580 4230 commissione,
590 4160 628 4215 ad
637 4163 671 4216 B.
683 4159 834 4216 Canisiurn
844 4176 878 4232 29
888 4160 1061 4216 Decembris
1075 4161 1142 4232 1562
1151 4161 1230 4230 data,
1240 4162 1320 4217 hisce
1331 4179 1398 4217 ver·

177 4249 220 4303 bis
233 4257 490 4305 commemoratur:
506 4250 573 4306 «Gli
586 4249 652 4305 altri
666 4249 783 4323 [scritti]
795 4252 831 4305 de
844 4251 950 4305 ordine
962 4267 1049 4305 sacro
1061 4250 1166 4306 adesso
1183 4251 1203 4306 li
1216 4259 1261 4305 sta
1277 4249 1399 4306 ditando

177 4335 224 4406 [N.
237 4338 285 4410 P.]
298 4337 416 4409 quando
429 4337 467 4393 ha
480 4347 589 4411 tempo,
601 4340 655 4393 che
669 4357 727 4394 non
737 4340 753 4394 ὲ
764 4355 832 4394 cosa
845 4339 935 4394 molto
947 4338 1091 4394 ordinaria
1103 4327 1332 4395 hauerlo...»'Ex
1341 4340 1399 4396 Re·

176 4436 270 4496 gesto,
286 4425 363 4484 Cod.
381 4442 415 4498 33
428 4429 470 4499 c),·
482 4435 512 4482 et
530 4427 607 4500 apud
624 4429 891 4497 BRAUNSBERGER,
905 4429 963 4484 loc.
985 4429 1049 4499 cit,
1063 4429 1117 4501 ΙΙΙ,
1135 4427 1197 4497 582.
1211 4428 1328 4484 Editum
1345 4427 1405 4484 fuit

176 4529 192 4568 a
216 4515 250 4570 P.
276 4514 394 4587 Grisar,
421 4517 478 4571 loc.
503 4517 566 4585 cit.,
592 4517 616 4588 l,
645 4515 741 4588 1370,
766 4525 797 4572 et
821 4516 1035 4588 prolegomenis
1061 4517 1188 4589 egregiis
1214 4517 1404 4590 illustratum,

177 4617 264 4674 pagg.
281 4603 374 4658 1-106.
760 4615 762 4623 ·

230 4693 242 4726 ⁸
279 4693 357 4748 Vide
374 4693 463 4766 epist.
477 4707 540 4766 229,
554 4713 583 4750 n.
598 4707 624 4764 53
640 4703 670 4751 et
683 4695 746 4769 235,
759 4713 789 4752 n.
806 4709 848 4752 ro.
