3634 5396
865 472 969 528 Emsr.
990 471 1026 528 Ρ.
1050 471 1163 528 Narrat

946 703 1077 772 XXXII

906 833 1115 892 excusem

723 974 769 1021 ax
793 972 925 1021 comcs
951 973 1002 1022 as.
1028 975 1057 1036 J.
1084 973 1299 1044 msromcn»

873 1095 977 1160 Anno
1009 1087 1092 1172 1564
1130 1090 1152 1154 ¹.

505 1223 544 1278 P.
563 1222 684 1280 Natalis
697 1226 825 1282 Romam
838 1243 873 1280 ex
889 1221 1059 1299 Germania
1071 1223 1179 1276 redux:
1192 1220 1258 1291 ejus
1270 1218 1371 1292 officia
1383 1220 1416 1274 in
1429 1219 1513 1274 urbe.

470 1357 498 1406 1.
547 1341 694 1410 Rediens
722 1345 757 1410 P.
788 1345 925 1427 Laynez
952 1337 1121 1426 generalis
1148 1335 1312 1403 Tridento
1335 1356 1413 1401 cum
1441 1334 1623 1402 comitibus

399 1430 440 1496 P.
459 1429 670 1513 Salmerone,
689 1431 802 1498 Natali
818 1441 853 1498 et
870 1429 1033 1504 Polanco,
1051 1427 1208 1493 absoluto
1223 1424 1380 1506 concilio,
1394 1445 1473 1490 cum
1487 1424 1621 1492 Patauii

396 1525 434 1584 'et
450 1517 610 1585 Veneciis
622 1520 717 1587 festis
729 1519 890 1587 natalitiis
901 1515 1122 1582 concionatus
1134 1525 1236 1594 esset,
1251 1513 1378 1598 ibique,
1392 1515 1480 1581 duce
1492 1535 1621 1600 vrgen-

398 1619 444 1686 te,
462 1609 597 1672 Patrem
611 1609 842 1676 Salmeronem
855 1603 1060 1690 reliquisset,
1074 1623 1221 1688 cumque
1233 1602 1419 1682 Ferrariae,
1433 1602 1619 1684 Bononiae,

399 1695 571 1774 Foroliuii,
591 1696 741 1776 Lauren,
760 1693 932 1764 Camerini
948 1703 983 1760 et
999 1691 1159 1760 Ameriae
1179 1702 1315 1759 nostros
1334 1689 1542 1771 visitatione,
1560 1712 1621 1776 po-

396 1784 497 1868 pulos
513 1783 583 1850 suis
599 1797 634 1851 et
650 1785 812 1850 comitum
824 1779 1047 1851 concionibus
1058 1780 1214 1862 iuuisset,
1238 1799 1275 1848 12
1290 1779 1464 1846 Februarii
1480 1781 1621 1847 Romam

445 1872 598 1939 ruenit...

398 1893 442 1958 pe
465 1980 498 2042 4.
547 1959 664 2026 Eidem
687 1959 781 2027 Patri
801 1959 982 2027 Francisco
1004 1979 1088 2025 cura
1109 1975 1126 2042 5
1148 1957 1399 2043 prouinciarum
1422 1953 1619 2042 Hispaniam

400 2047 493 2115 Patri
510 2049 634 2129 Natali,
653 2049 836 2136 superioris
851 2048 1057 2118 Germaniae
1072 2059 1107 2114 et
1123 2047 1301 2128 Austriae;
1326 2045 1419 2113 Patri
1439 2044 1620 2127 Madridio,

399 2137 515 2204 Italiae
531 2158 571 2203 ac
588 2137 735 2220 Siciliae3
761 2138 854 2206 Patri
876 2137 1028 2204 Polaneo
1048 2135 1198 2217 Galliae,
1216 2135 1385 2202 inferioris
1400 2135 1618 2212 Germaniae,

399 2225 579 2294 Brassiliae
596 2247 635 2292 ac
652 2226 779 2309 indiae,
798 2249 817 2294 a
835 2230 936 2294 Patre
949 2225 1100 2312 generali
1116 2223 1352 2291 committitur.

467 2331 498 2397 5.
548 2317 675 2381 Eodem
703 2327 872 2401 tempore,
897 2313 990 2382 Patri
1011 2312 1123 2380 Natali
1144 2309 1459 2399 superintendentia
1485 2309 1622 2396 collegii

398 2402 540 2484 romani;
561 2404 738 2484 Madridio,
756 2407 890 2485 domus3
915 2405 1080 2482 PolancO,
1104 2401 1240 2488 collegii
1261 2400 1447 2487 germanici
1468 2399 1625 2486 imposita

395 2505 461 2572 est3
481 2493 574 2558 Patri
591 2514 672 2560 vero
685 2493 878 2572 Francisc0‚
893 2491 1064 2570 Ameriae,
1080 2489 1228 2576 Tyburis
1240 2511 1280 2556 ac
1297 2493 1489 2557 Frascatae:
1508 2499 1546 2557 et
1558 2488 1623 2555 alia

395 2581 441 2646 ad
457 2581 577 2647 domus
594 2581 877 2668 gubernationem
893 2579 1097 2666 pertinentia
1113 2591 1194 2645 sunt
1209 2579 1409 2646 constituta.

939 2767 1085 2833 XXXIII

801 2901 835 2955 B.
856 2899 1008 2955 PETRUS
1028 2897 1214 2956 CANISIUS

706 3027 857 3075 parnt
894 3026 1086 3088 Jncoeo
1124 3025 1313 3074 11111112

729 3139 902 3226 Dilingae,
925 3155 962 3223 15
975 3139 1128 3228 Januarii
1154 3141 1237 3224 1564
1253 3141 1278 3204 ².

773 3264 819 3319 De
830 3264 916 3318 rebus
924 3264 1045 3336 collegii
1054 3264 1249 3337 dilingensis.

459 3381 588 3447 Verum
604 3382 648 3448 de
663 3381 765 3446 modo
780 3380 927 3448 eundem
943 3379 1226 3465 Christophorum
1253 3381 1444 3450 remittendi
1466 3380 1621 3448 nondum

389 3479 444 3536 est
459 3469 701 3550 deliberatum3
724 3469 867 3536 scribit³
888 3468 962 3554 ipse
983 3481 1129 3536 mentem
1150 3492 1264 3551 suam,
1283 3493 1370 3556 quae
1383 3469 1510 3536 utinam
1530 3478 1622 3537 recte

391 3559 533 3625 baberet
549 3581 617 3625 una
633 3579 712 3624 cum
727 3579 881 3644 corpore.
905 3557 1030 3625 Scribit
1050 3569 1085 3625 et
1106 3571 1217 3626 rector
1236 3571 1272 3626 et
1287 3564 1330 3627 D.
1350 3561 1475 3627 Torres
1497 3559 1545 3626 de
1565 3558 1621 3624 illo

389 3646 476 3732 ipso.
496 3649 533 3712 Id
550 3649 717 3714 affirmare
732 3667 870 3732 possum
883 3647 925 3713 de
941 3666 996 3712 me
1012 3667 1052 3713 ac
1063 3647 1149 3726 aliis,
1168 3669 1270 3734 saepe
1281 3649 1380 3716 nobis
1395 3669 1497 3716 curae
1513 3646 1620 3714 fuisse

388 3735 732 3816 commendationem,
751 3756 852 3820 quam
869 3737 955 3801 Rda.
975 3737 1015 3802 Ρ.
1034 3737 1075 3801 Τ.
1095 3746 1129 3803 et
1146 3739 1249 3804 Pater
1264 3737 1479 3805 comissarius
1493 3736 1539 3803 de
1555 3739 1619 3800 hoc

391 3824 557 3910 magistro
585 3824 872 3910 interposuerunt.
903 3825 975 3890 Nos
994 3823 1050 3890 hic
1071 3835 1226 3911 sumptus
1247 3826 1352 3895 nihilo
1374 3825 1530 3905 facimus,
1560 3823 1620 3891 sed

390 3914 500 3980 vicem
517 3915 596 3979 boni
615 3912 726 3980 fratris
741 3914 908 3994 dolemus,
927 3912 985 3997 qui
1002 3913 1068 3979 iam
1085 3925 1243 4002 coeperat
1259 3916 1294 3982 in
1314 3915 1431 3982 schola
1447 3937 1525 3982 esse
1541 3935 1613 3999 per·

299 4057 301 4062 .
391 4013 522 4088 gratus
542 4013 576 4067 et
592 4003 636 4068 ad
650 4002 843 4069 docendum
860 4003 999 4082 valeret,
1015 4001 1043 4068 si
1060 4003 1187 4071 firmior
1199 4017 1290 4073 esset
1301 4005 1502 4073 valetudo...
1518 4003 1619 4089 Opus

388 4101 442 4157 est
464 4091 588 4157 deinde
609 4104 739 4157 rectore
759 4112 865 4172 ηονο,
891 4101 925 4156 et
950 4091 1225 4162 fortassisetiam
1247 4093 1400 4160 ministro
1420 4092 1503 4173 alio,
1526 4091 1618 4176 quod

392 4199 503 4264 neque
520 4179 747 4264 prudentiam,
762 4199 874 4264 neque
890 4179 1092 4266 gravitatem
1105 4192 1140 4249 et
1155 4183 1394 4250 authoritatem
1407 4181 1462 4248 hic
1478 4201 1617 4266 praese·

389 4267 478 4334 ferat
495 4271 534 4334 P.
553 4270 580 4334 F
582 4268 747 4349 ischerus,
763 4279 801 4334 ut
814 4289 992 4336 vereamur
1006 4268 1103 4335 illum
1118 4270 1199 4336 huic
1211 4271 1356 4354 muneri,
1370 4281 1405 4339 et
1416 4268 1617 4356 praesertim

392 4423 605 4438 —n—

446 4501 454 4532 ¹
492 4499 535 4553 Ex
550 4497 668 4552 Polanci
682 4497 862 4569 autographo
874 4495 977 4570 diario,
991 4497 1022 4553 in
1037 4497 1109 4554 Cod.
1120 4515 1166 4568 41,
1181 4501 1231 4556 fol.
1249 4514 1295 4570 141
1311 4503 1399 4571 (167).

443 4571 455 4603 ¹
492 4571 535 4624 Ex
546 4570 714 4654 apographo
723 4568 835 4624 recenti
845 4585 904 4624 non
914 4579 1049 4626 accurate
1060 4581 1190 4642 exarato,
1202 4572 1232 4627 in
1245 4573 1346 4645 Epist,
1364 4573 1491 4656 Canisii,
1507 4573 1532 4642 1,
1550 4573 1614 4628 126.

443 4640 456 4672 ³
493 4641 566 4709 Ms.,
579 4641 694 4696 scribas.
