3544 5390
354 483 408 556 624
822 483 927 540 Eersr.
945 482 980 538 P.
1000 481 1114 540 Nsnar.

286 625 294 642 '
354 648 451 723 poter
467 636 539 703 fare
555 657 623 703 una
638 633 847 704 habitatione
862 634 1051 715 commoda,
1073 633 1256 722 inperoche
1275 639 1320 703 ha
1338 637 1495 705 ordinato
1510 641 1579 709 che

350 724 390 792 di
406 725 453 792 tal
467 725 569 792 modo
584 724 613 791 si
629 723 768 791 acconci
783 732 819 792 et
833 721 863 790 si
883 722 1007 790 relacci
1021 723 1055 790 la
1074 735 1191 793 nostra
1209 724 1435 810 habitatione,
1457 729 1523 794 che
1533 749 1578 798 ce

354 813 525 902 possiamo
539 813 692 882 habitare
707 834 809 882 senza
823 812 925 879 alcun
940 813 1053 878 danno
1067 823 1197 895 nostro,
1221 835 1244 880 o
1259 835 1342 881 uero
1361 816 1424 882 che
1438 835 1479 884 ce
1494 837 1576 902 par-

354 903 457 970 tiamo
472 903 516 970 da
531 903 642 989 quella
658 911 693 970 et
707 901 865 968 andiamo
879 921 900 966 a
915 899 1068 968 habitare
1082 900 1118 967 in
1135 923 1182 972 un
1195 903 1282 970 altra
1297 913 1428 972 mentre
1452 905 1519 974 che
1542 905 1574 972 si

355 990 532 1074 fabricara3
546 1012 602 1057 ma
616 989 664 1057 lui
679 988 830 1056 scriuerd
844 988 889 1055 da
904 987 1038 1056 Vienna
1053 991 1132 1075 quel
1147 999 1243 1058 tanto
1257 992 1322 1060 che
1336 989 1421 1060 siha
1431 991 1475 1059 da
1486 993 1574 1075 lare,

353 1078 547 1166 imperoche
566 1100 635 1146 non
656 1081 700 1145 ha
720 1077 818 1144 finito
842 1075 878 1144 di
905 1077 1030 1145 undere
1056 1088 1179 1165 questo
1204 1079 1345 1168 negotio
1370 1079 1516 1151 sicome
1536 1080 1574 1148 in
1641 1106 1646 1115 ·

354 1168 449 1234 molti
475 1166 563 1248 altri,
593 1168 649 1236 nel
669 1167 768 1251 quale
788 1162 897 1253 prima
915 1163 946 1232 ci
965 1167 1011 1233 ha
1029 1165 1073 1233 da
1099 1187 1212 1236 essere
1230 1170 1254 1233 l’
1275 1167 1508 1256 archipiscopo
1527 1171 1576 1238 de

355 1256 501 1337 Uienna,
519 1265 555 1324 et
570 1265 703 1358 aspetta
722 1275 846 1323 ancora
865 1253 890 1320 il
910 1255 950 1321 Ρ.
973 1254 1125 1324 Uictoria
1144 1255 1178 1322 di
1198 1256 1378 1338 Cassouia,
1399 1256 1578 1343 ilquuee

342 1354 521 1432 ,occupato
536 1344 571 1410 in
586 1344 727 1412 uisitare
740 1345 773 1412 le
789 1363 869 1410 cose
885 1344 1072 1430 temporale
1086 1343 1166 1414 delli
1181 1344 1287 1412 nostn'
1302 1346 1447 1433 collegii.

903 1563 969 1634 XV
1113 1590 1115 1594 ·

715 1687 755 1746 a.
784 1671 961 1744 sarnus
988 1565 1207 1746 &numus

618 1879 623 1890 Ι
748 1813 854 1880 earm
879 1813 1016 1877 Jacoso
1039 1815 1171 1862 cmnsz

632 1926 839 2014 Oeniponte‚
866 1944 904 1994 12
925 1937 960 1996 et
984 1945 1022 2011 31
1051 1926 1132 2013 Maji
1157 1928 1239 2013 1563
1266 1930 1288 1995 ¹.

351 2064 388 2119 e.
403 2061 545 2118 Natalem
558 2061 599 2116 aa
610 2025 640 2115 a}
652 2075 775 2115 wocara
786 2058 949 2114 amarat.-
961 2059 997 2114 aa
1014 2059 1157 2132 snongn
1176 2061 1470 2132 ingolsraeinnieus:
1487 2071 1576 2139 optas

403 2135 543 2190 interesse
555 2131 724 2186 mione
740 2129 813 2184 colle
842 2130 862 2184 ‘i
876 2131 1073 2200 memucmsis,
1091 2134 1126 2184 ut
1142 2131 1292 2187 rationem
1309 2149 1329 2187 a
1347 2133 1454 2190 Natali
1465 2137 1500 2192 in
1517 2155 1575 2194 suo

402 2203 572 2260 ministerio
583 2201 749 2258 adhibitam
787 2199 794 2212 “
830 2217 864 2255 re
874 2201 1025 2274 possitne
1037 2202 1276 2257 niocaleclrismo
1287 2203 1472 2261 adsolmdo.

417 2319 485 2385 Die
502 2333 544 2383 12
560 2314 661 2402 Maji,
677 2315 759 2381 haec
780 2314 945 2381 Caninius
965 2316 1070 2380 Patri
1091 2317 1223 2382 Lainez
1242 2317 1283 2384 de
1305 2319 1417 2386 reditu
1434 2322 1577 2393 Natalis

360 2407 599 2486 vindobonam,
615 2404 698 2470 etde
709 2425 771 2470 suo
786 2403 884 2488 illurn
900 2403 996 2468 adse
1011 2405 1154 2470 wcundi
1173 2405 1342 2494 &siderio
1356 2411 1570 2498 referebat...

351 2495 519 2578 Dominus
546 2496 633 2561 bene
660 2501 772 2559 uertat
796 2492 883 2558 haec
897 2490 1051 2572 consilia,
1074 2502 1109 2559 et
1132 2513 1228 2560 suam
1251 2503 1388 2564 causam
1407 2499 1577 2573 aduersus

280 2665 282 2669 ¹
331 2585 531 2652 'mentones
542 2581 815 2671 germanienses,
835 2589 873 2646 ut
895 2581 935 2647 P.
958 2579 1089 2648 Natalis
1104 2583 1263 2668 appellat,
1285 2593 1434 2654 tueatur.
1459 2590 1576 2662 Hodie

352 2671 624 2758 archiepiscopus
633 2667 817 2756 pragensis
832 2670 901 2734 huc
912 2668 1007 2734 uenit
1019 2669 1116 2738 breui
1128 2669 1327 2740 Tridentum
1340 2687 1523 2762 uenturus,·
1533 2694 1576 2749 ut

352 2760 506 2828 arbitror.
526 2762 566 2828 P.
584 2757 716 2826 Natalis
732 2756 900 2825 Viennam
917 2756 1036 2859 rediit,¹
1046 2779 1146 2844 quem
1157 2762 1226 2827 huc
1237 2781 1428 2844 canentem,
1445 2765 1474 2832 si
1489 2790 1573 2856 pos.

351 2871 437 2930 sem,
456 2869 525 2915 non
551 2847 712 2915 auderem
734 2855 859 2926 tamen,
881 2867 926 2913 ne
945 2855 1093 2916 rationes
1112 2848 1492 2937 collegiorum‚·quibus
1513 2857 1573 2926 ille

350 2940 475 3006 bonam
501 2937 560 3003 dat
586 2955 735 3022 operam,
763 2933 1004 3016 interturbem3
1032 2945 1067 3003 et
1094 2937 1290 3021 praesertim
1316 2960 1395 3006 cum
1420 2945 1571 3013 nesciam

351 3026 512 3114 quamdiu
532 3025 577 3092 sit
593 3025 748 3090 hocloco
768 3021 850 3088 mihi
871 3023 1091 3091 manendum.
1115 3023 1153 3093 si
1176 3046 1257 3093 uero
1279 3038 1373 3095 certo
1397 3042 1575 3103 constaret

351 3116 486 3182 duobus
501 3109 557 3179 hic
572 3111 747 3181 mensibus
762 3112 971 3180 haerendum
987 3131 1075 3194 esse,
1094 3121 1166 3178 tum
1182 3111 1309 3181 iudicet
1323 3117 1361 3183 R
1381 3119 1576 3192 Paternitas

239 3273 244 3284 ,
352 3214 412 3271 tua
427 3202 509 3288 quid
524 3200 598 3268 fieri
613 3199 771 3286 expediat
786 3197 938 3284 magis...

420 3293 495 3378 Ipse
513 3291 676 3356 Canisius
691 3289 732 3355 de
746 3289 858 3354 variis
873 3289 973 3354 rebus
988 3287 1033 3353 ad
1052 3289 1261 3356 Germaniae
1280 3293 1498 3382 collegiorum
1513 3321 1574 3366 γε-

246 3379 254 3390 “
348 3382 471 3469 gimen
491 3400 568 3444 eum
592 3377 713 3443 Natali
735 3377 935 3461 quantocius
957 3376 1197 3443 collocuturum
1224 3382 1363 3468 scripsit
1380 3383 1507 3452 Lainio
1529 3407 1575 3472 31

352 3467 445 3556 Mnji
461 3471 558 3551 1565.
577 3467 634 3531 En
649 3465 725 3552 ejus
740 3465 894 3530 verbm..
914 3465 961 3531 Vt
983 3465 1158 3550 expediam
1175 3465 1318 3552 primum
1334 3491 1422 3556 quae
1440 3474 1573 3545 minora

351 3567 444 3637 sunt,
461 3578 504 3625 ex
520 3553 688 3622 adiunctis
703 3551 809 3620 literis
824 3563 1053 3638 cognoscetur
1071 3556 1110 3620 Ρ.
1129 3556 1284 3623 Natalem
1300 3579 1391 3626 nunc
1407 3561 1571 3650 Pragam,

350 3649 437 3714 duce
453 3644 601 3726 Christo,
619 3641 826 3728 peruenisse.
845 3641 933 3708 Cum
946 3651 1059 3710 autem
1075 3641 1165 3710 idern
1181 3643 1316 3714 redierit
1327 3647 1361 3714 in
1375 3651 1570 3737 Bauariam,

350 3756 451 3821 agam
466 3754 545 3800 cum
557 3752 599 3799 eo
614 3732 736 3799 lubens
751 3732 794 3797 de
809 3728 978 3816 theologis
990 3729 1311 3817 ingolstadiensibus
1322 3737 1334 3769 ¹
1347 3742 1572 3822 quemadmo-

350 3825 432 3891 dum
444 3833 478 3891 et
494 3823 538 3890 de
553 3821 691 3888 doctore
707 3821 833 3887 Torrez
844 3815 930 3906 [sic],
945 3830 1114 3903 quatenus
1124 3842 1184 3888 eos
1195 3825 1376 3893 transferre
1386 3827 1451 3894 alio
1462 3852 1571 3918 expe-

349 3913 432 3979 diat:
448 3919 520 3976 tum
532 3911 576 3976 de
590 3906 749 3975 iuuandis
765 3909 812 3975 M.
828 3906 987 3987 Martino,
1002 3911 1042 3976 P.
1056 3907 1169 3976 Dirsio
1184 3922 1218 3977 et
1233 3911 1318 3978 aliis:
1336 3927 1511 4000 praeterea
1525 3923 1573 3989 de

350 3999 495 4086 collegio
510 3995 713 4099 dillingensi.
736 3995 886 4062 Primum
902 4006 1017 4064 autern
1032 3996 1218 4064 visitandos
1239 4011 1323 4086 puto
1342 4015 1476 4074 nostros
1492 4011 1573 4078 Mo-

350 4087 475 4158 nachii.
490 4089 577 4174 Ego,
591 4108 619 4154 sr
631 4084 679 4152 illi
691 4083 888 4153 interessem
901 4083 1101 4167 visitationi,
1115 4085 1265 4155 audirem
1283 4089 1409 4160 utiliter
1423 4106 1459 4161 et
1473 4096 1575 4165 vide-

349 4201 422 4248 rem
438 4201 490 4260 ea,
508 4195 596 4262 quae
612 4173 783 4260 sapienter
798 4172 854 4240 ille
874 4172 908 4239 in
929 4172 1123 4257 visitatione
1138 4196 1303 4264 peragere
1323 4181 1411 4249 solet
1432 4185 1458 4249 ⁸.
1481 4187 1575 4254 Nam

350 4271 515 4336 hactenus
531 4286 599 4331 non
615 4262 710 4330 licuit
726 4281 839 4328 coram
855 4263 985 4330 adesse.
1007 4263 1145 4332 Habere
1159 4265 1245 4333 solet
1259 4269 1514 4342 exhortationes
1530 4279 1578 4345 ad

355 4417 564 4429 —.---—

405 4500 411 4534 ¹
450 4497 494 4552 Ex
507 4495 679 4566 archetypo,
692 4493 722 4548 in
736 4493 833 4564 Epist.
851 4490 979 4557 Canisii,
994 4493 1019 4564 1,
1034 4492 1084 4547 116
1096 4491 1184 4554 (doni.

401 4573 412 4605 ¹
450 4567 525 4623 Vide
538 4566 624 4637 epist.
639 4565 702 4634 265,
716 4581 745 4618 n.
760 4579 788 4633 9;
803 4573 866 4634 274,
880 4581 908 4618 n.
923 4575 951 4632 73
967 4570 997 4618 et
1009 4563 1148 4637 append,
1160 4563 1202 4619 Xl
1215 4564 1255 4638 (a.

402 4641 413 4674 ³
450 4639 526 4694 Vide
539 4638 626 4711 epist.
642 4635 748 4707 281,n.
763 4647 790 4690 z.
