3544 5390
758 442 925 502 AePsumx
1142 433 1145 442 ⁴
1386 447 1452 522 ¹593

227 609 414 684 nostroque
430 597 670 684 benlelplacito
691 616 757 680 400
777 607 957 664 coronatos
972 599 1154 684 quotannis
1170 600 1454 669 administrandus

226 687 496 774 designauimus,
514 698 549 754 et
565 688 657 753 nulla
673 684 839 772 siquidem
854 686 984 754 meliori
1002 688 1181 756 occasione
1201 688 1276 758 illos
1296 694 1451 772 Romam,

225 799 328 864 quam
345 797 405 862 per
426 797 501 857 uos,
524 776 754 844 transmittere
770 774 951 862 possimus
975 777 1133 844 clementi
1156 790 1272 846 nostra
1290 779 1454 865 petitione

225 865 361 933 auobis
383 865 623 951 efflagitamus
653 875 703 944 ut,
726 863 754 931 si
781 864 994 950 beneplacito
1021 877 1137 933 nostro
1158 868 1313 936 satisfieri
1333 869 1450 950 uultis,

224 955 299 1022 illos
322 974 389 1038 400
412 965 595 1022 coronatos
615 952 760 1040 singulis
788 953 885 1020 annis
903 966 1054 1040 tempore
1074 967 1218 1038 statum,
1241 958 1284 1023 ad
1305 959 1451 1026 natalem

223 1043 383 1110 nimirum
410 1042 548 1111 Domini
577 1042 761 1134 seruatoris
786 1042 915 1124 nostri,
938 1045 1047 1112 donec
1072 1043 1135 1132 ipsi
1162 1047 1449 1129 reuocauerimuS,

222 1136 353 1202 Romae
373 1132 437 1219 ipsi
458 1131 580 1201 rectori
602 1131 755 1212 tradatiS,
773 1153 900 1216 eosque
920 1153 1086 1200 unacum
1109 1133 1182 1200 aliis
1202 1135 1327 1202 nostris
1351 1137 1450 1204 uobis

220 1221 411 1290 commissis
438 1221 690 1308 prouisionibus
716 1219 920 1307 suscipiatis
939 1232 974 1288 et
990 1221 1264 1306 quamcitissime
1277 1225 1449 1310 adproxi-

223 1333 315 1378 mum
332 1311 478 1380 natalem
495 1309 631 1378 Domini
648 1321 724 1396 post
735 1311 832 1376 datas
843 1309 958 1379 literas
970 1309 1151 1396 incipiatis.
1173 1315 1289 1398 Quam
1305 1315 1349 1379 ob
1366 1335 1448 1381 cau·
1545 1379 1548 1386 .

223 1423 296 1468 sam
312 1399 539 1489 promittimus
555 1411 717 1484 certoque
728 1399 926 1486 pollicemur
943 1399 1040 1466 uobis
1058 1401 1158 1467 talem
1175 1412 1322 1470 uestram
1339 1425 1447 1489 pecu-

221 1489 312 1556 niam
329 1511 398 1557 una
417 1511 495 1556 cum
512 1488 547 1557 in
567 1487 620 1556 his
639 1487 881 1556 commutantis
908 1509 947 1554 ac
969 1489 1149 1556 reddendis
1173 1491 1332 1576 expensis
1349 1515 1446 1559 sum-

219 1589 350 1665 ptuque
376 1579 560 1664 quotannis
586 1580 629 1645 ad
655 1578 779 1645 iustam
805 1573 1080 1644 satisfactionem
1096 1577 1300 1660 reddituros,
1324 1591 1358 1647 et
1382 1583 1448 1650 tale

220 1668 381 1738 uestrum'
398 1679 591 1755 promptum
615 1667 817 1753 obsequium
835 1667 1019 1736 clementer
1039 1667 1291 1756 recognituros.
1314 1672 1441 1738 Datum

221 1757 389 1838 Viennae,
408 1773 498 1825 anno
511 1758 568 1841 58.
1101 1760 1103 1764 ’

286 1850 317 1914 Α
334 1853 444 1935 tergo:
465 1849 563 1932 1558.
595 1845 742 1914 Vienna.
771 1843 879 1932 Copia
898 1847 983 1914 d'un
999 1845 1116 1913 ordine
1133 1845 1167 1913 di
1187 1867 1250 1913 sua
1270 1851 1400 1916 maesta
1423 1871 1445 1916 a

217 1946 538 2096 peppobmprcatmte
553 1946 654 2024 sopra
669 1935 692 2002 li
707 1954 773 2020 400
795 1951 826 2008 Δ
848 1935 952 2004 annui
968 1934 998 2002 si
1013 1938 1126 2004 hanno
1139 1957 1158 2002 a
1171 1957 1277 2027 pagar
1289 1936 1344 2026 pel
1357 1937 1445 2007 uitto

241 2047 261 2094 e
285 2047 297 2094 1
337 2048 358 2092 0
383 2047 465 2095 emi.

804 2250 851 2317 ru
1093 2337 1095 2348 Ι

616 2409 825 2467 HERCULES
843 2408 1040 2469 GONZAGA

659 2533 814 2592 cardinalis
828 2542 1002 2592 mantuanus

583 2687 710 2742 PATRI
734 2693 892 2754 JAcoBo
917 2691 1073 2740 LAINEZ

551 2785 725 2897 Mantuae,
755 2816 794 2884 16
818 2813 945 2903 Aprilis
973 2830 1055 2904 1559
1075 2817 1099 2881 ¹.

431 2965 601 3042 Collegium
615 2967 772 3023 Societatis
785 2965 931 3022 Mantuae
944 2961 1065 3020 institui
1074 2966 1221 3039 postulat.

280 3104 366 3173 Rdo.
391 3103 504 3172 Padre
523 3103 559 3172 in
581 3103 735 3184 Christ0,
759 3102 892 3169 fratello
914 3100 1101 3169 carissimo.
1130 3103 1159 3168 E
1179 3112 1314 3188 passato
1330 3123 1390 3188 per
1406 3101 1440 3168 di

124 3202 129 3212 ‘
213 3213 283 3279 qua
298 3193 477 3261 Antonino
496 3191 666 3262 Gaietano
687 3214 752 3260 con
773 3191 885 3258 alcuni
907 3189 1114 3278 giouanetti,
1137 3211 1198 3276 per
1213 3190 1368 3257 condurli
1380 3213 1439 3258 co-

212 3285 265 3350 sta
280 3283 346 3351 alla
360 3282 537 3370 disciplina
552 3282 587 3348 di
603 3280 661 3349 uoi
677 3281 770 3363 altri,
789 3279 880 3348 serui
902 3281 936 3347 di
957 3292 1077 3347 nostro
1099 3280 1217 3366 signor
1231 3278 1310 3360 Dio,
1328 3290 1363 3347 et
1378 3283 1440 3349 ha-

214 3373 327 3440 uendo
342 3374 387 3439 da
397 3371 446 3439 lui
462 3371 573 3441 inteso
597 3373 629 3438 la
651 3370 752 3437 fatica
774 3372 838 3438 che
860 3369 915 3436 uoi
937 3369 1005 3438 fate
1027 3369 1063 3434 in
1084 3367 1234 3454 seruigio
1252 3368 1287 3434 di
1308 3390 1369 3435 sua
1386 3369 1439 3434 di·

213 3459 295 3528 uina
310 3464 346 3529 M
356 3519 360 3526 .
370 3461 400 3518 ¹&
420 3471 455 3528 et
471 3461 549 3528 delli
566 3460 657 3530 fideli
673 3459 708 3526 di
724 3459 861 3527 Christo
876 3458 984 3527 Giesir
1005 3459 1204 3536 benedetto,
1227 3479 1289 3523 son
1305 3468 1438 3524 entrato

214 3549 249 3615 in
265 3550 432 3617 desiderio
449 3550 483 3616 di
499 3552 605 3616 hauer
621 3559 742 3634 questo
758 3570 850 3616 seme
866 3547 924 3633 qui
941 3547 1029 3615 nella
1044 3545 1157 3613 chiesa
1173 3545 1253 3612 mia.
1280 3547 1366 3612 Pero
1382 3547 1439 3612 lho

214 3650 357 3726 pregato
372 3642 436 3707 che
452 3663 497 3707 ne
516 3638 632 3724 uoglia
649 3638 807 3724 ragionar
823 3659 887 3703 con
905 3639 946 3704 V.
973 3636 1014 3702 P.
1038 3639 1094 3714 R.,
1119 3645 1153 3702 et
1175 3634 1271 3700 farmi
1293 3657 1390 3720 saper
1407 3636 1439 3701 la

214 3739 328 3796 mente
343 3728 377 3794 di
393 3727 450 3808 lei,
468 3727 608 3794 insieme
624 3739 658 3795 et
674 3729 706 3794 le
726 3725 912 3792 conditioni
932 3747 996 3791 con
1017 3724 1049 3793 le
1070 3723 1160 3807 quali
1181 3723 1213 3789 io
1234 3722 1360 3809 potessi
1377 3723 1438 3788 dar

212 3818 453 3904 compimento,
472 3817 616 3903 agloria
632 3816 666 3881 di
682 3815 760 3894 Diu,
784 3839 803 3880 a
826 3825 947 3899 questo
967 3813 1034 3879 mio
1055 3812 1236 3879 desiderio.
1265 3815 1314 3880 La
1330 3833 1437 3898 prego

212 3909 278 3975 che
296 3907 412 3994 uoglia
427 3908 546 3974 creder
562 3916 689 3990 quanto
705 3907 737 3971 le
752 3904 824 3970 dira
844 3927 921 3970 esso
943 3902 1118 3970 Antonino
1139 3923 1159 3965 a
1179 3923 1278 3967 nome
1299 3901 1384 3979 mi0,
1405 3913 1439 3968 et

214 3995 311 4062 farmi
327 4007 455 4082 quanto
472 3995 579 4082 prima
594 3998 703 4080 saper'
722 3993 859 4059 l’animo
874 3995 938 4060 che
953 3992 976 4057 il
993 3991 1118 4077 Spirito
1134 3989 1168 4056 di
1185 3989 1250 4056 Dio
1267 3992 1299 4057 le
1312 3993 1438 4057 hauera

215 4096 312 4170 posto
328 4084 363 4152 in
380 4107 496 4164 cuore,
513 4094 549 4152 et
564 4083 621 4170 qui
639 4094 729 4150 resto
750 4080 1089 4149 raccomandandomi
1109 4080 1174 4146 alle
1194 4101 1255 4144 sue
1273 4077 1431 4164 orationi,

215 4173 261 4241 Di
278 4179 432 4255 Mantua,
451 4173 473 4239 il
490 4194 550 4241 11111
569 4173 603 4239 di
619 4172 738 4259 Aprile
754 4173 810 4238 nel
827 4187 882 4258 59.
902 4173 948 4237 D.
969 4172 1011 4237 V.
1031 4171 1071 4236 R.
1093 4171 1135 4234 P.
1155 4189 1251 4236 come
1265 4168 1394 4235 fratello
1406 4164 1441 4232 in

98 4271 102 4280 '
216 4264 368 4332 Christo.
415 4333 419 4340 ,

732 4351 828 4416 Here.
859 4368 1039 4417 canorum
1064 4368 1100 4414 nr
1126 4349 1298 4414 Maurus.

271 4569 276 4600 ¹
317 4567 358 4620 Ex
373 4567 564 4637 autographa
580 4565 609 4620 in
626 4564 700 4620 Cori.
722 4565 764 4634 38,
779 4563 886 4634 duplici
901 4563 969 4628 fol,
981 4575 1018 4688 ξι
1031 4565 1102 4627 (ιο).
1121 4561 1154 4615 ln
1168 4559 1287 4639 antiquo
1301 4559 1445 4622 tabulario

215 4650 330 4702 calvi,
342 4651 384 4706 17,
399 4640 479 4715 prius
496 4649 539 4695 tt.
558 4637 633 4696 Vide
647 4655 744 4716 supra,
759 4653 848 4712 pagg.
868 4636 930 4710 216,
946 4632 979 4690 23
1002 4632 1085 4710 ,234,
1100 4641 1161 4694 etc.
