3666 5384
366 432 403 487 26
790 431 823 486 P.
843 427 984 486 Nemnis
1003 431 1169 487 Eranusa.

367 583 464 651 uisus
483 593 537 652 est
565 583 605 650 P.
635 581 839 649 Franciscus
860 582 1013 650 timuisse
1036 603 1079 650 ne
1095 604 1162 670 ego
1182 581 1393 670 impedirem,
1420 581 1513 667 quod
1534 579 1595 648 vix

326 779 329 786 ,
364 710 459 768 esset
474 719 634 785 egressus
651 716 671 764 2
688 719 795 765 annos
811 697 1020 784 probationis
1037 697 1304 765 Bustamantius.
1323 700 1451 764 Datum
1464 705 1517 765 est
1529 717 1592 763 ne-

367 814 507 900 gocium
523 805 567 881 D.
587 814 685 881 Torri
699 824 738 879 vt
758 813 920 884 retineret
934 815 1109 884 Granatae
1132 815 1172 881 P.
1190 814 1352 894 Aluarez‚
1376 813 1434 899 qui
1450 813 1591 880 dederat

365 931 507 996 domum
522 939 557 998 et
572 928 687 998 nescio
703 950 790 1015 quae
806 939 980 1016 praeterea
996 929 1169 1000 Societati.
1189 933 1314 998 Postea
1329 951 1370 998 eo
1392 939 1445 996 est
1464 927 1590 995 missus

367 1045 577 1114 Salmantica
592 1048 628 1111 P.
647 1044 762 1125 Auila‚
780 1043 839 1130 qui
854 1045 964 1114 euasit
975 1045 1113 1130 quidem
1124 1043 1269 1131 insignis
1281 1043 1514 1124 concionator,
1528 1043 1590 1111 sed

367 1161 454 1246 obijt
469 1159 582 1230 breui:
616 1160 659 1229 de
684 1160 960 1247 peregrinatione
990 1162 1059 1227 don
1092 1160 1324 1246 Sanffbchija
1351 1160 1512 1228 Castella:
1534 1158 1592 1226 del

368 1276 562 1342 Talabarte:
580 1275 623 1342 de
639 1263 789 1343 mulione
809 1277 867 1360 qui
887 1275 1020 1344 inuenit
1040 1298 1136 1344 suam
1157 1276 1327 1344 clitellam:
1347 1277 1390 1343 de
1417 1274 1593 1343 Bernardo

366 1389 462 1456 socio
490 1392 530 1458 P.
556 1391 584 1456 F
586 1388 741 1456 rancisci.
768 1393 964 1477 Metymnae
990 1392 1258 1459 concionabatur
1280 1393 1320 1458 P.
1340 1389 1494 1477 Baptista
1514 1409 1592 1455 cum

368 1527 497 1592 magno
510 1507 648 1593 spiritus
664 1507 810 1575 feruore.
829 1508 1029 1575 Attulerant
1048 1507 1123 1575 eius
1138 1507 1320 1575 conciones
1340 1526 1503 1592 magnum
1520 1505 1594 1570 fru-

367 1632 464 1688 ctum
479 1621 708 1691 conscientiae
723 1621 930 1688 auditorum.
945 1623 1099 1690 Intellexi
1112 1633 1225 1691 actum
1242 1643 1317 1690 esse
1328 1622 1373 1690 de
1384 1619 1594 1708 proiectione

371 1737 505 1823 Araozij
528 1758 608 1804 cum
629 1735 798 1823 Philippo,
820 1747 856 1803 et
875 1759 956 1824 prae
972 1759 1009 1804 se
1032 1738 1110 1803 tulit
1136 1737 1211 1826 ipse
1230 1747 1408 1824 propterea
1428 1757 1497 1802 non
1518 1755 1594 1805 esse

370 1853 574 1938 proiectum,
590 1853 790 1938 quodlocus
802 1851 850 1918 illi
862 1851 968 1920 maior
978 1852 1202 1939 potuitquam
1227 1873 1289 1938 pro
1301 1853 1475 1938 theologo,
1494 1860 1548 1917 etc
1567 1853 1590 1917 ¹.

440 2031 501 2098 2⁰
860 2032 1104 2099 Tonnssrmrs

439 2197 489 2266 Ibi
509 2198 684 2265 habitabat
704 2179 864 2283 frequens
885 2198 922 2292 [l]
944 2201 984 2267 P.
1014 2199 1234 2282 Franciscus,
1256 2211 1294 2266 vt
1314 2198 1522 2286 experiretur
1550 2219 1595 2264 an

370 2313 483 2382 iuuari
498 2324 614 2401 posset
629 2313 748 2400 regina
768 2316 929 2381 lohanna.
953 2315 1032 2382 Vidi
1055 2315 1254 2401 mysterium
1275 2315 1425 2403 reginae.
1445 2313 1494 2381 Ibi
1511 2335 1594 2380 con·

374 2429 436 2495 tuli
456 2450 534 2496 cunr
551 2430 698 2514 quodam
719 2428 825 2495 nobili
844 2429 982 2496 bethico
1005 2431 1048 2497 de
1069 2431 1189 2498 litteris
1208 2430 1364 2500 hebraeis
1384 2431 1411 2512 ¹,
1434 2430 1529 2515 quod
1548 2428 1596 2495 ita

371 2545 475 2611 vellet
492 2545 532 2610 P.
547 2545 575 2610 F
578 2543 760 2610 ranciscus.
781 2543 937 2612 Liberius
951 2546 1087 2612 locutus
1103 2567 1179 2612 sum
1196 2556 1247 2613 ter
1263 2548 1275 2580 ⁸
1292 2544 1425 2614 sedenti
1440 2545 1476 2610 in
1491 2545 1593 2627 lecto,

373 2659 403 2726 si
418 2660 556 2746 galerus
571 2659 720 2739 eueniat,
738 2657 883 2745 amplius
898 2682 968 2726 non
983 2661 1193 2727 confisurum
1213 2684 1269 2730 me
1288 2683 1362 2728 esse
1383 2659 1594 2727 nobilitatem

371 2775 409 2840 in
425 2777 502 2862 lege
518 2773 577 2842 X.i
591 2774 691 2841 sitam
703 2773 738 2841 in
751 2773 863 2841 medio
876 2774 962 2855 foro,
977 2775 1006 2842 si
1023 2775 1099 2861 quis
1114 2776 1197 2844 velit
1212 2776 1286 2845 lieri
1301 2775 1424 2844 nobilis
1439 2775 1464 2840 ⁴.
1487 2775 1493 2864 Ι
1513 2777 1593 2842 Huc

371 2890 467 2957 venit
489 2890 608 2957 doctor
629 2891 764 2970 Torres‚
787 2888 922 2957 ethinc
942 2890 1101 2958 dimissus
1120 2893 1229 2961 estin
1249 2914 1343 2959 suam
1368 2890 1589 2978 prouinciam.

372 3007 415 3071 Ρ.
439 3003 642 3071 Franciscus
662 3005 750 3072 serio
770 3004 842 3091 agit
869 3006 912 3073 de
936 3006 1038 3074 domo
1065 3007 1272 3090 simancana;
1294 3007 1387 3093 quod
1412 3006 1593 3093 negocium

372 3121 475 3204 paulo
490 3131 569 3207 post
584 3141 686 3204 quam
707 3142 774 3208 ego
795 3119 1025 3190 discessissem
1045 3123 1204 3191 confecit:
1230 3122 1350 3208 reliqui
1366 3122 1414 3189 illi
1434 3125 1594 3191 loannem

373 3237 532 3319 Paulum,
550 3257 652 3320 quem
673 3238 772 3324 plane
785 3259 839 3305 me
850 3235 1042 3324 relinquere
1062 3236 1109 3328 [in
1122 3239 1288 3326 Hispania
1298 3238 1481 3330 cupiebat],
1505 3238 1597 3324 quod

369 3373 438 3438 ego
454 3373 522 3418 non
540 3351 605 3418 foci
622 3354 647 3419 ³.
665 3352 745 3420 Fuit
765 3375 874 3440 graue
891 3355 930 3421 Ρ.
950 3354 1131 3423 Francisco
1147 3355 1319 3442 suscipere
1344 3355 1428 3422 illud
1444 3375 1543 3435 onus,
1562 3363 1596 3421 et

371 3467 455 3532 illud
468 3467 649 3554 praecipue
669 3479 814 3537 testatus
834 3481 898 3551 est,
917 3480 953 3539 et
972 3471 1149 3539 contendit
1163 3492 1202 3537 se
1216 3492 1286 3537 non
1306 3469 1460 3557 accipere
1480 3491 1596 3537 curam

372 3581 574 3649 animarum:
604 3582 660 3650 cui
687 3603 754 3671 ego
775 3585 823 3652 ita
845 3585 1006 3673 respondi
1020 3583 1082 3677 [ut]
1097 3585 1324 3674 significarem
1337 3569 1407 3653 rion
1419 3607 1519 3672 posse
1535 3585 1596 3653 ad-

373 3695 556 3764 ministrari
586 3698 676 3765 illam
707 3700 920 3786 prouinciam
951 3700 1080 3787 absque
1114 3723 1197 3768 cura
1227 3701 1426 3768 animarum.
1445 3701 1500 3768 2⁷
1515 3699 1596 3768 Dixi

376 3813 416 3878 P.
434 3813 462 3878 F
465 3811 617 3880 rancisco
633 3813 811 3883 discedens
831 3826 868 3882 vt
887 3837 1004 3884 curam
1027 3826 1162 3904 gereret
1177 3817 1252 3884 eius
1267 3817 1384 3904 partis,
1406 3837 1508 3902 quam
1528 3835 1596 3903 ego

373 3926 603 4009 uisitaueram3
634 3928 796 3998 scriberet
824 3941 938 3998 tamen
964 3932 1008 3998 ad
1035 3954 1089 4000 me
1116 3933 1225 4000 donec
1251 3932 1355 4001 sciret
1375 3954 1429 4000 me
1457 3953 1532 4000 esse
1560 3931 1596 3998 in

375 4042 584 4132 Hispania!
817 4031 822 4042 ’

432 4197 440 4228 ¹
478 4195 544 4248 Fol.
562 4207 595 4264 25
609 4213 640 4250 v.
656 4211 781 4251 vacuum
794 4197 931 4254 relictum
940 4198 1008 4254 fuit.

429 4286 440 4316 ¹
478 4283 545 4351 Ms.‚
558 4285 706 4340 haebreis.

430 4373 441 4406 ³
478 4373 545 4442 Ms.‚
562 4387 590 4443 3.

430 4463 442 4496 ⁸
478 4461 554 4516 Vide
568 4463 655 4535 epist.
669 4463 717 4534 67.

429 4552 440 4586 ⁸
477 4550 543 4606 Non
555 4553 634 4608 clare
646 4562 768 4626 apparet
779 4553 865 4627 hujus
883 4557 1032 4612 clausulae
1049 4575 1165 4615 seusus.
1181 4559 1306 4615 Videtur
1319 4569 1417 4616 tamen
1433 4561 1488 4616 hoc
1510 4562 1600 4634 signi·

374 4639 464 4694 ficare
477 4648 579 4696 auctor
590 4641 731 4714 voluisse,
745 4645 823 4716 quod
836 4643 912 4700 intra
925 4647 1048 4703 uncinos
1061 4647 1206 4705 addimus.
1220 4649 1296 4704 Vide
1310 4647 1396 4724 infra,
1410 4668 1478 4724 pag.
1492 4649 1541 4708 30.
