3544 5390
438 431 492 493 602
900 435 1005 497 Errsr.
1031 433 1067 494 P.
1091 435 1205 498 Nnont

437 591 578 676 Quanto
593 590 630 670 ,al
649 589 788 670 vicario,
805 592 837 658 el
856 569 902 658 ha
922 591 1007 658 tolto
1026 590 1169 674 licenza,
1191 603 1225 663 et
1245 595 1290 662 ha
1311 593 1396 661 fatto
1411 593 1509 678 bene;
1526 608 1557 663 et
1570 595 1592 664 si
1605 595 1629 664 io

436 701 505 747 non
522 690 621 747 trouo
635 699 703 746 vno
720 680 921 762 sufficiente,
938 680 1056 767 voglio
1073 691 1208 752 tornare
1223 682 1258 750 in
1274 705 1429 769 persona,
1449 705 1547 752 ouem
1562 687 1627 753 risa·

437 791 524 856 gnar
539 767 562 834 il
578 779 774 849 vescouat0,
788 768 847 855 piri
859 781 972 855 presto
984 771 1049 838 che
1060 791 1187 856 grauar
1197 772 1263 838 mia
1276 763 1489 840 conscienz'a.
1502 777 1540 842 D.
1555 776 1627 842 Con-

436 860 518 926 rado
535 861 651 924 Bruno
667 861 711 924 m’
729 861 772 927 ha
787 879 962 945 promesso
977 858 1013 925 in
1029 871 1152 942 questo
1164 883 1260 928 mezo
1271 862 1415 929 lassarse
1427 865 1627 949 adoperarein

434 949 466 1014 le
483 968 561 1014 cose
577 946 768 1032 pertinente
784 949 816 1012 al
832 947 1005 1014 vicariato.
1023 947 1090 1015 Dio
1107 971 1144 1015 sa
1156 960 1285 1034 quanto
1299 973 1353 1018 me
1364 973 1480 1037 preme
1491 963 1523 1018 et
1534 953 1625 1018 cricia

435 1047 530 1104 tanto
546 1037 675 1105 desetto
698 1036 741 1104 de
763 1035 908 1102 ministri
931 1035 1056 1104 idonei.
1082 1039 1119 1104 Io
1139 1048 1251 1123 spetto
1267 1039 1474 1108 resolutione
1488 1041 1519 1106 d'
1536 1041 1626 1108 alcuni

432 1124 626 1208 sufficienti,
645 1124 701 1192 alli
716 1125 807 1210 quali
824 1125 905 1192 dato
920 1127 1033 1212 quello
1049 1128 1112 1192 che
1128 1148 1292 1207 vorann0,
1309 1148 1371 1212 pur
1387 1131 1451 1197 che
1466 1129 1494 1195 si
1509 1140 1625 1198 conten-

433 1214 504 1282 tino
521 1214 555 1279 di
570 1213 697 1281 venire.
717 1213 817 1281 Circa
832 1213 854 1279 il
871 1214 1025 1294 concili0‚
1044 1214 1066 1279 il
1082 1218 1110 1281 F
1113 1237 1245 1302 oggaro
1264 1228 1302 1284 et
1316 1217 1395 1282 tutti
1411 1218 1487 1284 altri
1501 1219 1579 1287 venti
1593 1221 1625 1284 ad

432 1325 492 1371 soa
509 1324 652 1390 paorosa
667 1301 828 1388 opinione
844 1304 933 1370 hano
951 1313 1049 1369 torto.
1069 1304 1095 1370 11
1111 1325 1198 1390 papa
1213 1307 1257 1370 ha
1273 1307 1365 1374 bona
1381 1308 1624 1388 voluntatemne

433 1391 515 1479 ogni
531 1413 611 1459 cosa
626 1414 669 1458 va
685 1391 876 1458 tardissimo
893 1413 953 1478 per
968 1392 1075 1458 nostri
1095 1393 1238 1478 peceati.
1257 1395 1303 1463 Se
1318 1396 1465 1465 hauesse
1480 1417 1569 1462 cause
1581 1418 1624 1462 se·

434 1482 561 1562 colare,
580 1503 650 1547 non
668 1479 696 1547 si
711 1479 866 1565 perderia
882 1490 977 1547 tanto
994 1492 1119 1566 tempo.
1134 1482 1202 1550 Dio
1217 1481 1248 1549 ci
1260 1483 1401 1569 perdoni
1415 1507 1435 1551 a
1447 1485 1530 1551 tutti.
1542 1485 1624 1571 Spero

367 1621 371 1628 .
432 1572 521 1658 quod
535 1573 632 1637 Deus
646 1589 747 1635 verae
764 1570 867 1635 bonae
883 1571 989 1635 menti
1004 1569 1039 1636 S.
1058 1569 1094 1636 S.
1109 1571 1149 1625 tis
1160 1577 1346 1638 succurrat.
1361 1572 1387 1638 Il
1404 1573 1554 1659 delphino
1567 1595 1623 1640 vaa

432 1659 567 1728 Vienna
577 1681 638 1746 per
654 1659 815 1725 accordar
831 1680 894 1725 con
911 1659 943 1724 la
959 1661 1086 1726 maesta
1102 1681 1238 1727 cesarea
1253 1659 1277 1726 11
1293 1671 1407 1747 tempo
1424 1673 1459 1728 et
1471 1661 1493 1728 11
1506 1663 1570 1729 1000
1580 1663 1622 1729 del

376 1741 383 1755 ⁵
431 1749 589 1816 concilio,
608 1747 674 1815 Dio
689 1746 833 1816 concedi
849 1747 938 1814 bona
954 1746 1154 1834 speditione:
1172 1760 1266 1818 certo
1278 1771 1341 1817 sua
1353 1755 1483 1819 maesta
1496 1754 1514 1817 ὁ
1528 1765 1621 1837 troppo

431 1837 623 1926 impaurita.
641 1838 669 1904 11
683 1836 884 1906 warmiense
899 1835 1010 1903 scriue
1030 1836 1309 1924 diligentemente
1325 1860 1393 1923 qua
1408 1840 1444 1905 d'
1461 1841 1536 1927 ogni
1549 1861 1618 1918 cosa,

430 1939 466 1994 01
482 1927 515 1994 10
530 1937 659 2012 quanto
674 1948 730 2012 po;
748 1948 803 1992 ma
818 1925 873 1994 del
889 1946 926 1991 re
941 1925 976 1990 di
993 1925 1157 1994 Bohemia
1172 1949 1241 1994 non
1256 1930 1276 1994 ὁ
1292 1927 1350 2013 piir
1366 1949 1533 2014 speranza.
1549 1927 1617 1996 Delli

351 2051 354 2058 ·
431 2017 523 2084 iudei
538 2015 641 2084 vicini
656 2015 705 2082 sia
721 2015 765 2082 V.
784 2016 821 2084 S.
840 2014 951 2081 sicura
966 2017 1031 2082 che
1046 2014 1080 2080 io
1095 2037 1163 2081 non
1182 2020 1228 2083 ho
1244 2015 1278 2082 di
1297 2017 1370 2083 loro
1390 2040 1459 2084 vno
1480 2017 1620 2103 quattrino

430 2106 465 2172 di
480 2106 562 2173 vtile
577 2116 611 2173 01
627 2105 693 2170 mai
710 2105 733 2168 l'
751 2106 796 2170 ho
811 2106 953 2170 hauuto:
972 2105 1022 2170 lor
1038 2107 1128 2171 hano
1144 2105 1287 2174 termine
1306 2106 1341 2172 di
1361 2107 1487 2193 partire
1508 2107 1616 2192 quando

430 2215 551 2262 serano
568 2193 683 2280 pagati
699 2194 743 2260 da
756 2213 824 2274 me,
842 2194 922 2278 qual
933 2213 1012 2260 cosa
1027 2214 1096 2259 non
1108 2215 1209 2280 posso
1222 2195 1276 2280 fari
1282 2194 1354 2262 cosi
1366 2207 1491 2281 presto.
1512 2197 1618 2262 Vtinam

430 2286 475 2350 P.
501 2285 538 2350 V.
557 2285 659 2350 sciret
674 2302 760 2368 quae
775 2303 828 2348 me
838 2288 1036 2367 praemunt.
1057 2284 1159 2350 Pater
1174 2285 1413 2352 Bartholomeo
1424 2287 1481 2352 vol
1491 2285 1618 2353 andarea

431 2373 575 2453 Vienna,
594 2383 628 2440 et
645 2372 699 2458 poi
715 2393 734 2438 a
749 2373 776 2438 F
779 2371 931 2457 riburgo,
953 2384 988 2438 et
1008 2393 1076 2437 non
1097 2372 1168 2439 sara
1188 2393 1294 2440 senon
1314 2373 1349 2439 di
1371 2395 1488 2459 passer
1501 2397 1551 2461 per
1564 2393 1616 2438 vno

429 2483 534 2529 ouero
549 2463 614 2528 doe
628 2471 736 2542 notte3
755 2459 849 2527 siche
864 2462 908 2527 da
923 2459 971 2526 lui
986 2482 1056 2527 non
1071 2483 1172 2546 posso
1187 2465 1312 2531 hauere
1328 2472 1517 2530 construtto
1527 2459 1615 2545 dequi

430 2550 554 2618 inanzi.
570 2552 709 2635 Quanto
720 2550 752 2616 al
763 2549 899 2630 libram,
912 2551 958 2614 ho
970 2570 1159 2617 commesso
1171 2551 1269 2618 cheli
1282 2551 1377 2619 siano
1386 2552 1460 2619 dati
1472 2560 1616 2618 ottocento

429 2640 526 2708 scudi
546 2661 606 2726 per
625 2659 808 2706 conseruat
830 2638 853 2703 li
872 2637 1047 2706 caracteri:
1070 2637 1103 2705 io
1126 2639 1148 2705 11
1168 2641 1214 2707 ho
1233 2639 1291 2725 piri
1310 2641 1546 2728 compassione,
1565 2641 1612 2705 che

429 2731 531 2796 modo
547 2729 582 2795 d'
604 2727 780 2795 adiutar10.
804 2728 945 2811 Quanto
966 2729 998 2792 al
1017 2727 1174 2814 collegio,
1191 2727 1216 2795 il
1238 2729 1387 2815 capitulo
1402 2734 1448 2796 m'
1466 2733 1508 2798 ha
1520 2727 1613 2796 scritto

429 2822 493 2886 che
509 2840 529 2884 a
545 2820 595 2884 lor
610 2839 680 2884 non
695 2838 775 2902 pare
795 2816 830 2882 di
848 2827 946 2903 poter
967 2817 1038 2885 fare
1057 2817 1203 2904 collegio
1218 2817 1259 2884 in
1279 2821 1453 2905 Augusta,
1471 2841 1522 2886 ma
1534 2821 1584 2886 che
1596 2814 1612 2880 li

429 2908 701 2994 piacerebbeche
709 2905 743 2972 io
753 2905 842 2971 dessi
855 2905 879 2971 11
891 2904 1035 2992 collegio
1046 2906 1090 2972 de
1102 2906 1241 3008 Dilinga
1252 2907 1317 2974 alla
1330 2908 1553 2996 Compaignia,
1564 2915 1611 2972 010.

428 2999 537 3084 Sopra
556 2996 591 3062 di
607 3005 727 3082 questo
739 2993 811 3060 diro
834 3017 854 3060 a
870 2994 913 3062 V.
929 2995 965 3063 S.
984 2994 1065 3061 R.d³
1089 2995 1123 3061 in
1140 2995 1323 3064 chnstiana
1334 2997 1527 3068 confidenza
1544 3005 1613 3062 tutto

428 3087 540 3172 quello
555 3087 611 3152 ch'
627 3104 777 3152 ocoorre.
796 3085 831 3150 Io
847 3105 916 3150 non
931 3083 1100 3154 mancarei
1112 3085 1226 3151 subito
1237 3107 1339 3153 senza
1350 3087 1500 3156 olterior'
1511 3085 1612 3155 delibe-

427 3175 559 3242 ratione
574 3174 608 3241 di
625 3172 805 3241 renontiar’
822 3173 905 3258 ogni
920 3194 1000 3240 cosa
1015 3174 1070 3242 del
1093 3173 1238 3262 collegio
1253 3175 1288 3242 di
1304 3175 1380 3244 S.t⁰
1396 3176 1577 3244 Hieronimo
1588 3171 1612 3237 al

426 3263 571 3350 collegio
586 3262 621 3330 di
636 3264 668 3329 10
683 3261 919 3348 Compaignia,
938 3284 992 3330 ma
1008 3262 1043 3329 in
1057 3259 1167 3332 verita
1182 3265 1214 3330 la
1229 3283 1309 3332 cosa
1319 3276 1372 3332 sta
1384 3267 1465 3332 cosi.
1480 3268 1529 3333 Da
1538 3270 1612 3352 putto

363 3357 366 3366 ‘
426 3353 462 3419 in
478 3362 596 3438 quaet
612 3353 748 3437 quando
763 3350 877 3419 veneti
888 3349 945 3437 poi
960 3351 994 3416 in
1008 3352 1265 3434 adolescentia¹‚
1280 3354 1451 3438 jouuentr'r
1470 3364 1504 3421 et
1516 3350 1612 3419 11111111

427 3442 506 3523 mia,
525 3463 657 3527 sempre
673 3443 717 3506 ho
733 3442 862 3507 hauuto
882 3461 951 3508 vna
969 3441 1067 3507 firma
1086 3452 1120 3508 et
1141 3443 1209 3508 fixa
1228 3441 1428 3524 intentione,
1446 3455 1480 3512 et
1495 3446 1535 3509 ho
1548 3442 1612 3506 10110

425 3534 566 3600 solenne
582 3540 662 3597 voto
676 3550 743 3597 con
754 3528 945 3596 iuramento
963 3542 1092 3612 quanto
1111 3530 1219 3616 prima
1238 3532 1357 3618 potero
1372 3533 1407 3598 di
1426 3532 1548 3620 erigere
1560 3545 1611 3594 vno

425 3620 570 3706 collegio
592 3618 821 3688 ecclesiastico
842 3627 934 3684 sotto
954 3617 1172 3687 inuocatione
1192 3619 1226 3687 di
1250 3621 1328 3689 S.t0
1345 3621 1549 3700 Hieronimo‚
1566 3633 1611 3703 per

424 3713 571 3780 educare
586 3707 711 3789 clerici,
730 3705 875 3788 diaconi,
894 3707 1131 3791 sottodiaconi,
1145 3709 1323 3790 sacerdoti,
1337 3711 1393 3776 nel
1404 3710 1531 3779 interno
1540 3705 1611 3774 culto

423 3799 554 3880 diuino,
572 3799 662 3864 nella
677 3795 831 3864 doctrina
846 3817 932 3882 pura
948 3797 1125 3878 catholica,
1143 3807 1178 3864 et
1198 3796 1278 3866 nelli
1298 3799 1460 3885 cssercitij
1480 3793 1611 3868 ecclesia-

423 3887 498 3956 stici
514 3886 702 3955 estrinseci.
727 3889 770 3952 Et
791 3884 847 3971 poi
867 3884 981 3951 subito
1001 3885 1099 3951 finito
1118 3887 1151 3953 la
1170 3907 1307 3973 guerra,
1324 3889 1481 3957 hauendo
1499 3891 1527 3956 la
1539 3905 1611 3980 conj

424 3971 552 4044 m'odita
571 3975 619 4042 dil
641 3975 750 4043 Padre
771 3975 837 4041 Fra
858 3973 974 4041 Pietro
994 3975 1039 4040 da
1059 3975 1169 4056 Sotto‚
1191 3977 1238 4042 ho
1258 3977 1339 4042 dato
1360 3977 1529 4065 principio,
1544 3972 1611 4042 etdr

422 4084 525 4133 mano
542 4065 577 4132 in
593 4085 694 4130 mano
709 4065 734 4138 l’,
745 4065 792 4129 ho
807 4062 935 4130 ridutto
950 4063 986 4130 in
1002 4073 1122 4148 questa
1138 4065 1256 4144 forma,
1274 4085 1371 4132 come
1382 4068 1402 4132 ὁ
1413 4069 1456 4135 de
1471 4070 1608 4154 presentet

423 4177 490 4225 con
505 4153 695 4223 intentione
711 4173 844 4238 sempre
860 4151 949 4218 circa
964 4153 997 4220 le
1012 4151 1158 4222 lectione
1177 4164 1212 4220 et
1231 4154 1255 4220 11
1271 4153 1399 4221 maistri
1418 4155 1453 4223 di
1468 4153 1610 4242 migliom·

422 4267 472 4327 re,
491 4256 527 4313 et
542 4246 691 4312 anchora
707 4241 796 4310 circa
811 4243 843 4309 le
859 4240 990 4308 intrade
1006 4253 1041 4310 et
1056 4242 1087 4310 la
1105 4242 1242 4324 fabrica3
1260 4265 1315 4310 ma
1327 4265 1387 4329 per
1397 4265 1489 4312 esser
1503 4245 1531 4310 10
1542 4259 1611 4308 sen·

423 4356 484 4422 pre
500 4344 591 4403 stato
607 4333 712 4402 molto
727 4351 890 4418 oppresso
905 4331 949 4400 de
964 4329 1046 4416 varij
1063 4330 1181 4411 debiti,
1199 4335 1245 4397 m'
1263 4334 1307 4399 ha
1321 4333 1502 4422 bisognato
1515 4332 1611 4401 andare

423 4426 667 4504 destramente‚
689 4431 725 4489 01
744 4424 789 4487 ho
809 4422 941 4487 hauuto
963 4420 1048 4486 assai
1071 4419 1173 4487 101100
1192 4421 1226 4486 in
1248 4441 1467 4506 conseruare,
1489 4443 1549 4491 non
1565 4437 1606 4505 po·

474 4625 483 4657 ¹
521 4619 589 4692 Me,
601 4619 812 4675 adoscetentia.
