3634 5396
384 445 441 516 656
855 443 959 499 Error.
980 441 1014 498 Ρ.
1034 441 1148 498 Ninia

386 598 491 664 rebbe
507 618 601 665 esser
623 595 652 662 si
677 606 775 661 troua
790 593 920 661 chiusa.
940 596 997 660 Ma
1018 613 1055 659 se
1074 594 1259 661 andaremo
1282 595 1315 661 al
1335 597 1466 679 synodo
1486 607 1521 661 et
1544 599 1609 666 3113

385 686 479 753 dieta
490 686 544 752 del
557 705 677 771 regno,
693 693 828 768 questo,
843 704 945 749 senza
957 681 1074 762 dubio,
1092 684 1137 748 ha
1152 684 1196 748 da
1207 704 1299 750 esser
1312 704 1359 748 un
1371 685 1414 751 de
1426 683 1503 751 miei
1515 685 1607 770 prin-

386 774 486 861 cipali
502 773 660 860 pensieri3
675 795 731 839 ma
746 793 815 839 non
830 793 869 839 so
885 771 998 855 quello
1014 773 1078 837 che
1092 775 1169 838 sara
1183 771 1218 836 di
1233 770 1301 838 noi.
1321 773 1409 840 Nell'
1423 773 1508 839 altra
1519 774 1609 842 dieta

386 864 419 931 le
433 885 532 949 spese
547 861 593 928 mi
610 863 818 928 condussero
834 883 855 926 a
871 861 917 927 tal
934 857 1089 942 termine,
1107 861 1171 927 che
1183 877 1257 926 'non
1273 882 1328 927 me
1348 882 1392 929 ne
1411 883 1472 927 son
1488 873 1609 947 potuto

385 951 452 1017 mai
468 952 636 1033 rihauere,
655 949 813 1017 massime
829 947 1138 1034 aggiongendouisi
1154 947 1165 1012 i
1184 948 1360 1015 continoui
1380 949 1510 1051 uiaggi,
1534 951 1608 1017 fatti

385 1062 445 1127 per
462 1039 579 1106 uisitar
595 1040 627 1105 le
643 1037 818 1124 prouincie
833 1048 868 1104 et
884 1035 1012 1123 scoprir
1026 1036 1051 1102 li
1066 1036 1228 1103 disordini
1239 1047 1274 1103 et
1285 1037 1308 1102 li
1321 1037 1467 1124 bisogm,
1482 1061 1606 1124 sapen-

384 1129 429 1194 do
449 1131 527 1208 che,
552 1149 655 1196 senza
675 1138 795 1213 queste
814 1125 927 1206 uisite,
946 1145 1031 1210 poco
1052 1126 1158 1191 frutto
1178 1147 1326 1212 possono
1347 1127 1448 1192 far'li
1470 1127 1604 1213 synodi,

384 1219 486 1300 doue,
505 1216 595 1284 achi
612 1238 680 1282 non
697 1237 734 1282 sa
750 1225 784 1281 et
799 1236 869 1280 non
883 1217 929 1280 ha
948 1214 1088 1296 uedut0,
1112 1214 1279 1282 conuiene
1298 1225 1389 1281 stare
1408 1217 1439 1282 31
1459 1217 1555 1282 detto
1570 1219 1606 1282 d'

383 1305 471 1374 altri.
492 1307 637 1390 Questo,
655 1314 777 1388 questo
793 1326 813 1370 a
828 1323 884 1370 me
899 1324 981 1390 pare
993 1302 1104 1368 officio
1120 1303 1224 1368 molto
1240 1302 1430 1388 pertinente
1446 1305 1478 1370 al
1494 1305 1606 1372 carico

384 1396 438 1462 ch'
453 1393 486 1460 io
502 1397 585 1460 hora
602 1403 706 1479 tengo
733 1392 1010 1477 indegnamente,
1034 1401 1069 1458 et
1089 1412 1157 1457 non
1179 1390 1251 1457 solo
1279 1413 1338 1477 per
1364 1391 1508 1478 rispetto
1523 1394 1603 1462 delii

384 1482 518 1568 synodi,
537 1503 592 1548 ma
608 1481 643 1548 in
658 1481 742 1568 ogni
759 1493 885 1566 tempo,
902 1481 1032 1566 purche
1048 1478 1077 1546 si
1089 1479 1227 1546 uisitino
1244 1479 1276 1547 le
1292 1479 1405 1548 chiese
1419 1502 1484 1546 con
1499 1482 1605 1550 carita

383 1577 414 1637 et
430 1593 498 1636 non
515 1572 626 1656 turpis
642 1571 857 1649 lucricausa,
870 1589 939 1634 non
951 1590 1027 1634 cum
1043 1568 1188 1654 imperto
1203 1571 1224 1632 ¹.
1240 1569 1319 1635 Cosi
1332 1568 1378 1654 gli
1391 1570 1506 1654 nuncij
1520 1592 1603 1638 sono

383 1661 494 1744 quelle
509 1659 603 1727 linee
618 1661 682 1726 che
699 1667 850 1743 tengono
866 1656 962 1723 unita
976 1657 1009 1724 la
1028 1654 1288 1724 circonserentia
1308 1659 1399 1724 orbis
1418 1659 1604 1726 christiani

383 1749 414 1814 al
431 1759 548 1815 centro
563 1748 652 1816 della
668 1748 748 1812 sede
764 1745 960 1833 apostolica,
978 1755 1013 1813 et
1028 1746 1100 1811 cosi
1116 1743 1145 1813 si
1168 1746 1236 1830 puo
1251 1745 1428 1815 rimediare
1448 1769 1469 1813 a
1489 1759 1604 1835 tempo

382 1839 447 1904 che
462 1859 530 1902 non
547 1835 597 1902 sia
613 1835 778 1903 seminata
793 1834 826 1901 la
841 1833 971 1900 zizania
991 1835 1029 1899 in
1045 1855 1135 1921 agro
1145 1835 1303 1914 Domini,
1315 1837 1546 1920 opponendosi
1561 1837 1603 1903 da

381 1924 561 2012 principio,
579 1945 648 1990 non
663 1922 919 2003 dissimuland0,
937 1943 1034 2008 oper
1053 1921 1276 2008 negligentia,
1293 1944 1315 1989 o
1335 1945 1395 2009 per
1409 1924 1566 2007 auaritia,
1582 1949 1604 1994 o

381 2037 443 2100 per
458 2013 654 2092 ambitione,
673 2012 707 2079 in
724 2011 834 2098 gratia
850 2010 885 2076 di
905 2008 1047 2097 principi
1064 2020 1098 2077 et
1117 2010 1152 2075 di
1172 2011 1299 2096 popoli,
1317 2021 1352 2080 et
1373 2013 1557 2082 uendendo
1572 2016 1603 2080 la

381 2103 547 2190 religione
563 2101 636 2168 etii
652 2099 792 2168 seruitio
808 2099 842 2165 di
858 2098 924 2166 Dio
939 2119 999 2184 per
1019 2119 1194 2183 competat
1214 2099 1346 2186 dignita
1360 2110 1395 2168 et
1414 2100 1600 2184 ricchezze,

381 2191 575 2257 caelestibus
591 2195 727 2255 terrena
745 2193 944 2254 mercantes.
967 2189 1011 2254 Et
1030 2187 1158 2273 piaccia
1174 2210 1194 2254 a
1209 2187 1275 2255 Dio
1290 2191 1366 2270 che,
1384 2191 1541 2258 comeda
1556 2193 1596 2258 si·

380 2279 451 2346 mili
464 2277 657 2346 andamenti
669 2299 756 2344 sono
768 2277 825 2363 gia
837 2277 1023 2362 procedute
1034 2277 1065 2342 le
1080 2277 1229 2362 presenti
1246 2276 1412 2358 calamita,
1430 2279 1500 2345 cosi
1513 2291 1602 2348 tosto

380 2390 449 2435 non
465 2390 502 2435 se
517 2389 563 2436 ne·
576 2365 734 2452 scoprino
745 2367 824 2433 deil'
842 2366 940 2434 altre.
957 2364 1025 2432 Dio
1040 2363 1070 2430 ci
1088 2364 1189 2451 ripari
1205 2388 1265 2451 per
1280 2387 1342 2433 sua
1357 2366 1598 2436 misericordia.

447 2459 504 2523 Ho
525 2455 636 2523 inteso
655 2476 720 2520 con
737 2454 805 2520 mio
832 2475 919 2539 gran
941 2452 1127 2540 dispiacere
1143 2454 1279 2522 corneli
1300 2454 1409 2521 dinari
1424 2455 1542 2523 datimi
1558 2460 1602 2526 da

381 2546 581 2631 Monsignor
596 2545 702 2610 sslmo.
725 2542 927 2621 varmiense,
945 2543 989 2608 da
1016 2563 1109 2610 esser
1128 2543 1244 2628 pagati
1260 2545 1380 2630 costia
1407 2545 1450 2611 V.
1474 2547 1516 2612 P.
1541 2548 1596 2627 R.,

379 2655 448 2703 non
465 2653 569 2702 erano
584 2653 709 2698 ancora
724 2631 804 2698 stati
824 2629 968 2724 soorsati
989 2631 1044 2718 dal
1065 2630 1229 2698 thesorier
1249 2631 1283 2697 di
1304 2634 1344 2701 S.
1372 2631 1408 2702 S.
1432 2645 1467 2701 et
1486 2637 1597 2703 cheat

379 2722 479 2788 solito
490 2722 523 2788 ‘si
544 2732 701 2790 stentaua
722 2720 828 2786 molto
850 2720 893 2788 ad
920 2719 1062 2799 hauedi,
1084 2719 1109 2786 il
1135 2723 1200 2788 che
1225 2720 1272 2786 mi
1297 2731 1401 2788 mette
1424 2743 1543 2806 spesso
1564 2726 1597 2790 in

377 2810 561 2890 disordine‚
580 2821 614 2877 et
636 2820 731 2875 tanto
743 2811 836 2904 'hora
855 2807 935 2888 mai,
960 2810 1024 2876 che
1046 2829 1115 2873 non
1131 2811 1249 2876 soche
1268 2809 1391 2895 partito
1414 2810 1594 2896 pigliarmi.

378 2900 478 2968 Nella
493 2910 628 2984 passata
642 2897 733 2964 dieta
749 2897 797 2962 fui
817 2899 967 2964 sforzato
985 2898 1006 2962 3
1024 2895 1153 2963 scriuer
1173 2898 1271 2976 costi,
1293 2909 1328 2966 et
1347 2899 1514 2984 sopplicar
1535 2904 1597 2970 che

377 2987 424 3054 mi
440 2988 468 3054 si
484 2989 584 3056 desse
600 3009 647 3054 un
663 3006 748 3072 poco
763 2985 797 3053 di
813 2985 1025 3064 souentione,
1039 2995 1075 3053 et
1090 2985 1137 3050 mi
1153 2987 1172 3052 e
1188 2997 1275 3054 stata
1287 2997 1424 3072 negata:
1438 2991 1522 3056 hora
1535 3010 1597 3057 uo-

378 3077 494 3163 gliono
510 3079 574 3143 che
592 3076 679 3143 uada
694 3076 726 3140 31
742 3075 826 3140 altra
844 3073 937 3142 dieta
951 3096 972 3140 a
988 3083 1101 3160 tempo
1121 3073 1157 3140 di
1177 3095 1314 3160 guerra,
1332 3087 1367 3142 et
1381 3075 1416 3142 di
1436 3087 1545 3162 peste,
1563 3089 1598 3148 et

377 3165 412 3232 di
428 3165 570 3232 carestia
586 3163 821 3251 grandissima.
841 3164 876 3230 Io
888 3163 967 3230 dall’
981 3183 1050 3228 una
1062 3177 1156 3248 parte
1169 3184 1287 3250 ueggo
1302 3185 1395 3232 esser
1406 3166 1597 3234 necessario

378 3255 443 3322 che
460 3253 494 3319 ui
509 3253 537 3320 si
555 3254 645 3319 troui
659 3253 781 3319 alcuno
796 3255 860 3318 che
879 3249 1014 3337 procuri
1036 3253 1100 3319 che
1119 3273 1187 3317 non
1209 3251 1237 3318 si
1258 3251 1368 3318 rouini
1388 3265 1517 3338 quanto
1532 3258 1597 3322 s’e

379 3343 464 3410 fatto
479 3343 526 3408 fin
543 3345 638 3423 hora;
656 3341 734 3408 dall'
752 3343 837 3407 altra
853 3360 969 3426 ueggo
984 3340 1007 3405 l'
1024 3337 1233 3425 impossibita
1249 3341 1282 3406 di
1298 3341 1448 3427 partirmi
1463 3343 1498 3408 di
1514 3365 1594 3429 qua,

378 3453 447 3500 non
462 3434 526 3498 che
542 3431 578 3497 di
592 3441 663 3498 star
680 3431 900 3498 formamente
916 3429 981 3494 3113
995 3428 1097 3509 dieta,
1112 3450 1150 3496 se
1162 3449 1231 3495 non
1242 3429 1288 3494 mi
1301 3430 1329 3496 si
1341 3432 1385 3496 da
1395 3433 1596 3501 souentione

377 3521 421 3588 da
436 3541 543 3608 pagar
558 3519 569 3585 i
585 3518 692 3586 debiti
719 3518 778 3605 gia
792 3517 880 3599 fatti3
898 3529 933 3585 et
957 3529 1153 3584 ueramente
1176 3517 1210 3583 io
1228 3518 1348 3586 dubito
1367 3522 1430 3588 che
1451 3520 1494 3586 mi
1512 3543 1595 3588 con·

377 3613 478 3678 uerrd
488 3615 617 3694 parere
631 3608 834 3686 necessitate
849 3607 938 3673 onde
953 3608 1084 3691 pregho
1100 3607 1144 3673 V.
1163 3609 1203 3672 P.
1223 3608 1265 3673 R.
1284 3610 1348 3676 che
1364 3631 1418 3676 me
1433 3631 1477 3677 ne
1492 3609 1594 3676 iscusi

376 3699 516 3783 quando
532 3710 567 3766 et
585 3697 674 3764 doue
689 3697 815 3763 vedera
841 3715 955 3763 essere
981 3694 1137 3780 bisogno.
1168 3696 1290 3761 Ionon
1308 3695 1414 3781 potrei
1430 3718 1522 3764 esser
1538 3699 1596 3784 piri

378 3786 595 3873 trauagliato:
614 3795 711 3852 sento
728 3787 791 3852 che
811 3785 859 3869 gl'
882 3781 1024 3851 heretici
1047 3781 1206 3870 uogliono
1227 3793 1349 3852 metter
1369 3785 1450 3871 ogni
1470 3787 1593 3866 ssorzo,

377 3875 452 3942 anzi
469 3876 502 3942 lo
517 3885 670 3942 mettono
698 3872 844 3939 tuttauia
869 3872 996 3957 persar
1024 3871 1156 3938 riuocar
1180 3873 1227 3958 gl'
1245 3872 1341 3939 editti
1364 3873 1439 3940 fatti
1459 3874 1593 3944 ultima·

376 3973 491 4032 mente
516 3975 635 4030 contra
651 3964 698 4049 gl’
716 3960 868 4040 heretici,
893 3961 995 4042 onde,
1013 3981 1051 4028 se
1069 3961 1207 4027 hauessi
1221 3971 1353 4046 potum,
1372 3961 1429 4048 gia
1444 3961 1488 4028 mi
1508 3964 1595 4032 sarci

377 4053 502 4122 andato
519 4053 584 4118 3113
599 4062 704 4130 corte,
722 4071 783 4136 per
799 4048 939 4118 ouuiare
955 4071 975 4115 a
991 4058 1123 4134 questo:
1138 4070 1194 4116 ma
1206 4053 1269 4119 che
1282 4071 1382 4136 posso
1393 4051 1426 4116 io
1449 4053 1535 4119 fare?
1550 4053 1595 4120 Al

377 4163 478 4209 meno
504 4139 722 4208 mandasseio
738 4137 853 4223 nuncij
877 4137 993 4204 ricchi.
1017 4140 1083 4206 Per
1099 4136 1205 4205 carita
1219 4140 1252 4206 la
1267 4141 1308 4206 R.
1327 4141 1370 4207 V.
1394 4140 1513 4226 preghi
1529 4141 1596 4210 Dio

377 4252 437 4316 per
453 4230 521 4312 noi,
539 4232 604 4298 che
619 4229 654 4295 in
672 4250 755 4298 uero
770 4247 814 4294 ne
829 4225 1011 4294 habbiamo
1028 4227 1134 4293 molto
1154 4226 1312 4314 bisogno
1330 4228 1400 4296 Alli
1418 4228 1494 4296 Rdi.
1522 4233 1591 4298 1³1³.

376 4318 567 4400 Salmeron,
585 4317 730 4398 Madrid,
750 4317 912 4384 Pollanca
930 4326 1000 4382 eta
1021 4314 1100 4382 tutti
1121 4316 1168 4402 gl'
1187 4316 1263 4382 altri
1286 4317 1388 4390 Padri
1412 4319 1467 4384 ch'
1488 4317 1521 4386 io
1537 4340 1594 4386 co·

431 4613 440 4645 ¹
478 4600 787 4678 Pam1,1.·,v,2,3.
