3666 5384
832 481 897 539 155Ι
1459 482 1477 538 5

246 618 331 686 ralis
346 621 536 706 gerendum
554 623 595 687 Ρ.
614 620 798 708 Ignatium,
817 643 896 688 nam
911 632 1065 706 sanctus,
1083 621 1206 708 inquit,
1224 624 1328 688 homo
1341 620 1478 689 dicebat

247 755 289 802 se
305 756 376 802 non
386 756 462 804 esse
477 745 607 822 aptum:
624 735 659 802 id
675 735 786 822 ipsum
802 738 953 818 credere,
971 747 1034 806 etc
1052 738 1082 804 lt
1096 736 1260 826 magister
1281 737 1418 823 Laynez
1432 738 1477 804 ad

249 850 381 918 bellum
397 843 676 938 aphrodisianum
697 873 776 919 cum
797 854 924 922 Ioanne
940 854 1050 940 Vega.
1069 851 1171 920 Redit
1190 855 1345 932 Romam,
1367 873 1477 939 expu-

249 974 361 1052 gnato
371 965 593 1052 Aphrodisio.
607 967 667 1034 2⁸
678 969 859 1036 Venerunt
874 971 1016 1036 Romam
1033 971 1070 1035 Ρ.
1088 967 1291 1036 Franciscus
1307 966 1342 1035 in
1356 966 1477 1034 habitu

248 1081 366 1148 adhuc
381 1081 490 1162 ducis,
508 1103 588 1150 cum
603 1103 667 1150 sua
683 1081 819 1164 familia,
836 1082 970 1152 etiamsi
985 1093 1116 1152 secrete
1131 1094 1223 1153 esset
1237 1105 1280 1150 ex
1299 1082 1477 1170 dispensa-

250 1193 347 1264 tione
367 1197 552 1282 prolessus.
576 1199 618 1264 P.
636 1199 763 1279 Araoz,
782 1201 822 1265 P.
846 1199 1003 1280 Ouedus,
1027 1201 1067 1266 P.
1091 1197 1216 1279 Miron,
1239 1201 1279 1266 P.
1307 1198 1476 1282 Stradius,

251 1311 295 1377 Ρ.
315 1313 440 1398 Royas‚
459 1315 500 1380 P.
524 1313 715 1395 Tablarius,
738 1313 900 1400 magister
917 1315 1095 1396 Emanuel,
1113 1314 1137 1381 ii
1155 1316 1164 1348 ¹
1181 1313 1324 1381 comites
1339 1314 1478 1382 fuerunt

250 1426 349 1494 Patri
364 1428 557 1496 Francisoo.
576 1429 633 1498 Ad
648 1429 782 1496 initium
798 1429 1008 1516 insequentis
1028 1428 1108 1498 anni
1128 1428 1224 1497 venit
1243 1431 1383 1496 Romam
1404 1450 1477 1495 ma-

248 1542 361 1629 gister
377 1542 506 1612 Simon.
527 1545 655 1612 Romae
670 1557 767 1612 erant
783 1567 861 1612 cum
878 1548 919 1613 P.
938 1543 1084 1632 Ignatio,
1103 1547 1143 1612 P.
1167 1547 1316 1631 Laynez,
1335 1546 1376 1611 P.
1400 1545 1477 1614 Sal-

249 1679 383 1739 meron,
399 1659 439 1724 Ρ.
454 1658 582 1740 Miona,
598 1663 638 1727 Ρ.
653 1661 681 1728 F
682 1660 808 1741 rusius,
823 1663 863 1728 P.
879 1661 1062 1742 PolancuS,
1075 1671 1141 1729 etc.
1165 1659 1171 1749 Ι
1191 1659 1479 1746 Archiepiscopus

250 1773 426 1841 toletanus
445 1773 591 1844 Siliceus
617 1774 653 1840 in
680 1775 846 1862 Hispania
872 1775 1088 1862 persequitur
1113 1775 1332 1858 Societatem,
1354 1775 1389 1841 in
1415 1795 1479 1842 sua

249 1888 398 1969 diocesi,
420 1910 462 1956 ac
480 1890 626 1976 publicis
644 1890 765 1958 edictis
785 1889 957 1960 interdicit
976 1913 1020 1958 ne
1044 1889 1417 1982 suscipianturnostri.
1440 1893 1479 1958 ln

249 2005 401 2074 irrsulam
421 2007 583 2092 Iaponam
603 2007 783 2093 nauigauit
802 2007 966 2094 magister
985 2007 1200 2090 Franciscus,
1218 2005 1276 2073 vbi
1296 2006 1395 2093 primi
1418 2027 1480 2094 per

249 2121 368 2209 ipsum
396 2120 475 2190 lacti
495 2132 577 2189 sunt
604 2122 758 2190 homines
784 2121 975 2190 christiani:
998 2145 1059 2190 sex
1086 2116 1238 2208 ccclesijs
1259 2122 1421 2204 fundatiS,
1444 2134 1480 2190 et

250 2236 348 2306 mille
368 2236 583 2324 quingentis,
605 2238 684 2324 plus
703 2237 834 2318 minus‚·
851 2237 1030 2325 baptizatis
1057 2236 1264 2318 hominibus,
1283 2238 1383 2324 redijt
1402 2249 1480 2324 post

248 2351 430 2420 biennium
455 2352 491 2419 in
518 2352 660 2420 Indiam.
700 2353 917 2422 Perturbatio
948 2375 1008 2441 per
1037 2353 1234 2440 episcopum
1265 2352 1479 2440 tyburtinum

250 2478 394 2556 propter
409 2467 566 2536 Lucium.

323 2657 385 2724 2¹)
817 2667 920 2738 papi
980 2701 983 2708 -

324 2836 389 2904 3.0
407 2817 463 2888 die
483 2819 643 2904 lanuarij,
661 2818 768 2886 liten's
787 2841 850 2887 sua
866 2842 968 2886 manu
988 2821 1139 2908 scriptis,
1158 2819 1261 2888 cessit
1279 2841 1345 2888 suo
1366 2819 1478 2886 officio

248 2933 427 3024 generalis
442 2931 639 3020 praepositi,
656 2932 780 3002 additis
799 2934 999 3018 rationibus,
1018 2937 1057 3002 P.
1078 2935 1243 3023 [gnatius.
1267 2935 1479 3022 Congregati

253 3053 379 3118 Patres
398 3070 468 3115 non
488 3047 700 3116 admiserunt
718 3047 793 3116 eius
813 3049 1014 3118 cessionem.
1037 3051 1139 3119 Solus
1159 3049 1224 3116 fuit
1248 3053 1289 3117 Ρ.
1320 3050 1477 3129 Ouedus,

251 3163 317 3250 qui
332 3163 418 3230 dixit
433 3185 470 3231 se
486 3163 624 3249 quidem
640 3174 820 3250 propterea
834 3165 960 3234 sentire
977 3167 1017 3233 P.
1041 3165 1212 3253 Ignatium
1228 3187 1298 3233 non
1313 3187 1389 3234 esse
1403 3164 1482 3232 ido-

249 3301 373 3360 neum,
396 3280 492 3366 quod
516 3279 574 3348 ille
599 3279 648 3346 ita
666 3279 805 3348 diceret.
829 3278 995 3348 Discessit
1022 3283 1063 3348 P.
1086 3281 1289 3348 Franciscus
1308 3302 1388 3348 cum
1409 3281 1481 3348 suis

252 3398 384 3475 Roma,
409 3393 536 3464 relictis
556 3393 710 3482 pecuniis
737 3396 781 3462 ad
808 3394 1041 3465 fundationem
1067 3395 1204 3484 collegii
1223 3395 1366 3477 romani,
1388 3399 1481 3482 quod

251 3514 324 3578 hoc
340 3531 430 3578 anno
444 3520 498 3578 est
513 3511 707 3592 fundatum,
721 3521 757 3578 et
772 3521 909 3597 apertae
923 3513 1062 3580 scholae
1073 3511 1198 3579 latinae
1212 3511 1363 3598 linguae,
1378 3533 1480 3598 grae-

251 3649 320 3695 cae
347 3637 383 3695 et
407 3624 599 3695 hebraicae.
622 3627 628 3714 Ι
649 3629 689 3694 Ρ.
714 3627 917 3694 Franciscus
937 3629 1067 3695 cultum
1095 3627 1283 3696 secularem
1309 3626 1416 3708 exuit,
1445 3640 1481 3696 et

252 3741 422 3811 ditionem
442 3741 533 3809 cedit
558 3741 641 3823 filio,
663 3743 703 3808 fit
723 3744 896 3824 sacerdoS,
926 3754 961 3812 et
980 3742 1139 3810 inchoato
1159 3741 1304 3830 collegio
1331 3743 1478 3823 oniateo,

254 3857 390 3927 secedit
409 3857 444 3924 in
461 3857 693 3939 Cantabriam,
716 3857 951 3939 concionatur,
973 3857 1165 3926 emendicat
1184 3879 1309 3946 magna
1328 3859 1480 3926 omnium

253 3973 496 4043 aedificatione
515 3983 551 4040 et
571 3973 696 4040 fructu.
719 3975 777 4042 Ad
796 3985 926 4060 patrem
946 3972 1166 4040 Franciscum
1186 3973 1330 4043 veniunt
1345 3977 1386 4042 P.
1405 3975 1481 4042 An-

253 4089 354 4157 tonio
368 4085 440 4178 [sic]
458 4112 479 4157 a
494 4090 667 4171 Corduba,
687 4093 727 4160 Ρ.
743 4089 1011 4170 Bustamantius,
1027 4093 1063 4157 Ρ.
1090 4090 1259 4159 Sanchius
1276 4113 1295 4158 a
1326 4089 1479 4171 Castilia,

251 4204 363 4291 etalii
380 4203 512 4273 nobiles
531 4205 677 4290 hispani,
700 4216 735 4272 et
755 4226 816 4291 per
834 4205 996 4272 exercitia
1012 4207 1055 4272 ad
1071 4204 1277 4275 Societatem
1300 4216 1478 4273 vocantur.

252 4323 457 4388 inchoatum
474 4321 657 4408 collegium
684 4322 857 4408 burgense
877 4344 938 4408 per
958 4322 1127 4390 Stradam.
1151 4323 1350 4389 inchoatum
1376 4321 1482 4390 colle—

250 4437 354 4524 gium
381 4437 609 4504 florentinum.
628 4413 787 4506 Genuam
811 4437 934 4505 missus
956 4440 1003 4505 M.
1028 4419 1177 4524 Laynei.
1203 4441 1335 4506 Domus
1358 4440 1483 4526 proba-

316 4689 327 4722 ¹
363 4690 501 4762 lla.,lrij.
