3478 5384
673 464 779 520 Enisa.
799 461 835 516 Ρ.
859 459 1058 528 Naum-271
1079 471 1121 515 m
1139 469 1190 528 ²7²

892 746 973 812 m

569 899 618 964 P.
656 893 1062 963 HIERONYMUS
1096 890 1302 958 NADAL

708 1053 827 1110 paam
847 1049 1001 1124 Jneoao
1021 1049 1166 1106 aamnz

621 1191 804 1247 nnnnvnn,
825 1191 859 1232 22
879 1191 921 1233 ns
939 1190 974 1245 24
991 1188 1113 1233 Annius
1134 1172 1202 1244 1563
1223 1177 1246 1230 ¹.

600 1305 720 1360 Natalis
744 1303 905 1376 collegium
935 1301 1129 1356 Timaviense
1154 1300 1272 1355 invisit.

396 1433 648 1500 Desiderantur
668 1430 730 1495 liae
751 1429 849 1494 binae
869 1428 1014 1507 litterae,
1034 1446 1182 1511 quarum
1202 1431 1446 1512 argumentum
1466 1426 1550 1492 bre-

329 1551 416 1615 viter
431 1548 657 1614 adumbratur
669 1548 707 1610 in
719 1544 856 1629 epistola
869 1544 944 1624 276,
960 1564 996 1607 n.
1016 1557 1046 1620 1,
1062 1541 1120 1606 ubi
1136 1540 1216 1606 haec
1234 1541 1284 1606 ait
1295 1540 1466 1606 Polanaus
1482 1562 1550 1606 no-

330 1665 422 1730 mina
437 1663 543 1729 Patri
558 1662 700 1728 Lainez:
719 1661 809 1726 «Dos
825 1659 928 1724 latras
943 1657 1060 1722 breues
1075 1656 1115 1722 ae
1138 1657 1174 1721 V.
1197 1657 1242 1721 R,
1259 1655 1300 1721 de
1320 1656 1490 1722 Timaea
1505 1656 1551 1722 de

331 1797 374 1846 22
386 1803 409 1866 y
424 1797 468 1861 24
483 1778 536 1843 del
546 1777 694 1863 paneada
709 1775 754 1840 ha
770 1774 924 1840 receuido
945 1774 984 1840 N
984 1826 990 1839 .
1015 1775 1059 1840 P.
1086 1773 1175 1844 Yno
1185 1771 1297 1858 patra
1316 1773 1392 1837 sino
1410 1771 1550 1857 ayudar

329 1895 449 1962 muolzo
457 1903 550 1980 para
565 1913 639 1958 essa
654 1891 736 1957 abra
752 1892 785 1956 ta
800 1891 906 1956 uisita
920 1889 960 1954 de
979 1889 1015 1954 V.
1035 1889 1101 1954 R.»
1120 1889 1177 1952 Ex
1192 1886 1312 1972 quibus
1322 1885 1433 1953 verbis
1447 1888 1550 1953 erui-

330 2017 388 2077 tur
408 2012 446 2074 in
466 2016 573 2094 supra
594 2007 692 2072 dictis
713 2005 873 2091 epistolis,
893 2010 931 2068 ut
945 2011 1013 2089 par
1033 2009 1117 2084 erat,
1137 2003 1178 2068 de
1199 2001 1371 2068 Societetss
1384 2008 1485 2088 opera
1507 2004 1550 2069 in

337 2127 503 2192 Tirnavia
519 2123 677 2189 Natalem
694 2121 908 2186 disseruisse.

896 2365 985 2429 m

683 2521 719 2576 s.
742 2519 921 2592 Jonnnas
940 2521 992 2574 na
1009 2516 1198 2576 Poaanco

806 2663 842 2699 ex
862 2644 1067 2700 commissione

523 2772 706 2841 PATRI
742 2769 1111 2867 HIERONYMO
1146 2771 1353 2838 NADAL

600 2925 760 2982 nmoanm,
779 2923 813 2974 27
832 2923 892 2965 vna
911 2909 945 2965 28
964 2921 1084 2966 annuns
1102 2907 1137 2977 (t)
1158 2908 1225 2980 1563
1243 2914 1269 2965 ¹.

402 3041 613 3097 Summarium
624 3037 808 3110 proponitur
821 3053 924 3090 rerum
938 3035 979 3090 ad
991 3035 1133 3090 Natalem
1146 3035 1472 3108 inconscriptum.

397 3167 495 3234 Della
509 3173 618 3230 morte
633 3161 688 3227 del
703 3161 805 3246 padre
828 3160 1000 3239 d'Ennes‚
1022 3182 1041 3226 e
1058 3158 1092 3226 di
1112 3161 1252 3226 mandat
1271 3181 1339 3226 una
1354 3180 1497 3246 procura
1513 3161 1547 3226 al

331 3303 394 3349 suo
411 3280 559 3361 fretella,
576 3300 596 3344 e
611 3299 650 3344 se
664 3273 687 3341 li
703 3275 827 3341 mando
847 3275 959 3359 quello
978 3276 1042 3342 che
1061 3274 1182 3340 scrisse
1198 3273 1221 3340 il
1242 3276 1281 3342 P.
1304 3276 1474 3343 Euerardo
1489 3276 1547 3342 del

331 3418 393 3464 suo
407 3402 618 3462 testamento.
634 3391 707 3458 Che
720 3392 805 3456 Μ.ῐο
818 3388 932 3455 Pietro
944 3390 1108 3476 Vngar0³
1126 3389 1213 3456 saria
1224 3388 1291 3458 ben
1303 3389 1460 3458 studiassi
1472 3389 1544 3476 piis,

331 3536 352 3580 e
372 3507 570 3576 Hieronimo
586 3507 654 3572 Ros
671 3505 759 3571 forse
775 3505 901 3570 andara
916 3526 935 3569 a
950 3503 1072 3590 Napoli
1088 3525 1147 3588 per
1163 3503 1186 3568 il
1201 3525 1308 3571 corso,
1328 3503 1374 3573 Se
1388 3503 1412 3570 li
1428 3525 1545 3572 racco-

385 3711 393 3740 ¹
430 3706 475 3760 Ex
490 3703 614 3775 epistola
627 3700 689 3770 276,
703 3719 733 3756 n.
749 3713 774 3770 1,
790 3699 863 3754 Cod.
883 3713 917 3768 33
930 3699 973 3768 cl),
987 3697 1038 3754 fol.
1052 3697 1082 3754 3.

383 3800 394 3830 ¹
431 3795 476 3849 Ex
488 3791 630 3863 Regesto,
646 3789 717 3845 Cod.
734 3803 765 3862 33
778 3791 815 3857 c),
830 3787 880 3842 iol.
895 3801 957 3858 291.
971 3789 1005 3843 In
1019 3788 1159 3859 margine:
1175 3789 1211 3843 P.
1226 3789 1334 3845 Natat.
1356 3789 1546 3847 Desideratur

331 3883 480 3940 annotatio
493 3879 563 3948 diei,
576 3881 606 3936 in
618 3895 676 3952 qua
685 3879 756 3932 haec
767 3876 890 3949 epistola
899 3877 1006 3948 scripta
1016 3875 1081 3934 fuit.
1092 3877 1152 3932 Sed
1161 3878 1298 3950 quoniam
1308 3886 1375 3950 post
1385 3878 1459 3950 illas,
1468 3895 1545 3953 qnae

329 3973 377 4029 die
391 3985 423 4042 27
436 3971 521 4026 datae
534 3969 627 4039 fuere,
641 3975 671 4022 et
683 3973 751 4020 ante
764 3965 835 4021 alias
848 3964 884 4019 ad
896 3964 974 4020 diem
988 3979 1021 4035 29
1034 3973 1202 4038 spectantes
1214 3966 1368 4038 reperitur,
1381 3967 1457 4024 circa
1466 3968 1544 4024 diem

331 4063 365 4118 28
377 4067 524 4118 exaratam
538 4057 629 4114 luisse
642 4055 734 4128 primo
746 4053 854 4110 intuitu
867 4053 947 4109 credi
960 4061 1068 4126 posset.
1082 4053 1158 4110 Cum
1172 4055 1281 4110 veroin
1292 4055 1394 4111 eodem
1403 4056 1544 4129 Regesne,

330 4152 369 4207 fol
395 4151 458 4222 298,
471 4151 543 4204 haee
557 4146 615 4202 sint
628 4151 774 4200 annotata:
790 4143 850 4198 P.⁶
864 4143 973 4198 Dottor
985 4143 1122 4198 Hermes.
1137 4143 1174 4198 Se
1187 4143 1212 4200 ti
1223 4145 1327 4200 scrisse
1343 4146 1422 4200 detto
1434 4147 1546 4219 giorno

330 4243 358 4312 [4
372 4238 452 4311 Maji]
463 4238 545 4293 della
556 4239 652 4290 morte
664 4233 713 4288 del
724 4249 780 4314 suo·
787 4234 895 4304 padre,
910 4236 938 4286 et
949 4233 998 4286 che
1011 4233 1119 4286 mandi
1137 4249 1198 4286 una
1212 4238 1347 4305 procura
1363 4235 1396 4288 al
1406 4251 1461 4290 suo
1472 4233 1546 4308 sra-

331 4330 411 4398 tello;
426 4325 606 4399 suspicamur
619 4323 707 4378 etiam
720 4323 774 4376 hac
793 4321 841 4376 die
857 4321 939 4376 datas
957 4318 1047 4376 fuisse
1065 4321 1130 4375 illas
1148 4321 1260 4377 litteras
1276 4321 1314 4376 nd
1328 4321 1471 4392 Natalem
1485 4341 1545 4380 non

330 4420 409 4474 enim
422 4415 581 4471 verisimile
594 4411 709 4467 videtur
722 4410 882 4465 nuntiatam
896 4409 986 4464 fuisse
1004 4415 1126 4464 mortem
1144 4409 1272 4482 parentis
1291 4409 1352 4468 filio
1368 4421 1481 4485 septem
1498 4416 1547 4470 vel

330 4515 396 4564 octo
407 4506 511 4562 diebus
524 4511 687 4575 postquam
700 4499 737 4555 de
750 4499 798 4554 illa
811 4499 907 4554 Natali
920 4499 1059 4570 scriptum
1071 4497 1175 4555 tuerat.

382 4598 394 4629 ³
431 4595 558 4648 «Petrus
575 4592 759 4663 Hungarus.
781 4587 880 4642 Pierre
898 4588 1029 4642 Hernath
1047 4594 1130 4642 entra
1146 4604 1184 4643 nu
1200 4589 1328 4646 noviciat
1343 4588 1380 4646 de
1396 4590 1487 4646 Rome
1507 4609 1547 4648 en

333 4696 413 4755 1559.
431 4683 454 4738 Il
468 4691 604 4738 retourna
617 4697 654 4734 en
667 4677 809 4748 Hongrie‚
823 4677 906 4749 apres
919 4676 1000 4732 avoir
1013 4675 1073 4749 pris
1091 4677 1118 4733 le
1130 4677 1221 4748 grade
1230 4677 1267 4734 de
1277 4679 1406 4736 Docteur
1414 4697 1450 4737 en
1464 4682 1546 4738 thee
