3604 5380
384 415 420 484 76
807 413 841 467 P.
861 411 1003 467 Narmrs
1022 411 1187 467 Eranusa.

384 589 486 653 quam
501 567 642 634 dederat
657 566 701 632 ad
716 585 772 632 me
786 563 914 646 literaS,
931 573 1006 632 erat
1021 563 1086 632 iter
1102 585 1301 652 aggressus.
1324 564 1468 632 Eramus
1488 586 1608 635 omnes

382 685 603 751 vehementer
629 679 763 747 soliciti.
793 680 988 748 Orabamus
1010 689 1047 744 vt
1070 680 1160 748 bene
1178 681 1316 749 cederet
1330 679 1388 748 illa
1407 679 1521 748 subita
1534 681 1606 748 dis-

383 797 493 865 cessio
512 798 557 862 ’.ι

450 911 594 980 Absolui
621 910 849 980 visitationem
874 933 1097 999 magnacum
1118 912 1309 978 animorum
1329 911 1551 981 renouatione
1570 924 1606 982 et

383 1029 510 1109 fructu,
527 1029 595 1094 X.0
613 1025 757 1114 gratiae.
776 1026 948 1113 Respondi
963 1025 1122 1094 omnibus
1140 1025 1398 1094 dificultatibus.
1421 1027 1605 1095 Habebaut

380 1143 421 1211 in·
432 1143 579 1210 maximo
594 1141 742 1229 collegio
758 1143 940 1209 admodum
956 1161 1112 1227 paruum,
1135 1141 1399 1222 incommodum,
1420 1152 1457 1210 et
1475 1143 1605 1208 humile

380 1260 554 1327 sacellum.
584 1257 665 1325 Dixi
683 1268 721 1323 vt
742 1257 824 1324 141
845 1256 1093 1344 coniungerent
1120 1256 1220 1324 nouis
1247 1256 1455 1324 cubiculis*
1484 1257 1605 1326 aedifi-

379 1374 470 1441 cium
486 1375 529 1442 ad
544 1371 710 1441 rationem
726 1371 854 1458 templi,
872 1383 907 1439 et
924 1370 972 1438 ita
986 1373 1291 1453 accommodatum,
1309 1373 1420 1441 donec
1440 1393 1605 1460 magnum

381 1489 465 1555 illud
481 1490 645 1574 templum
661 1485 841 1556 aedificare
856 1487 999 1574 possint3
1017 1489 1110 1573 quod
1125 1487 1301 1569 successit,
1320 1499 1386 1558 etc.

449 1601 528 1670 Dixi
545 1603 626 1671 item
640 1613 679 1668 vt
695 1613 934 1688 separarentur
949 1601 1127 1690 acollegio
1142 1602 1255 1671 omnia
1267 1615 1484 1672 externorum
1495 1603 1606 1672 serui-

382 1718 440 1800 tia,
459 1728 573 1804 empta
588 1717 750 1804 contigua
766 1719 879 1799 domo,
897 1719 941 1785 ad
956 1717 1137 1805 pistrinum
1152 1728 1188 1788 et
1202 1717 1386 1786 clibanum.
1408 1718 1478 1786 lllis
1495 1718 1608 1788 seruis

381 1842 416 1902 et
442 1832 662 1918 mercenarijs
690 1835 701 1867 ³
724 1843 760 1899 vt
785 1855 874 1900 vnus
895 1843 955 1901 aut
976 1834 1060 1902 alter
1081 1855 1101 1900 e
1123 1833 1285 1901 fratribus
1311 1843 1494 1920 praeesset.
1521 1832 1602 1901 Fuit

380 1948 473 2034 vtiljs
488 1947 634 2035 collegio
649 1950 735 2016 haec
750 1947 928 2034 separatio.
947 1950 1058 2015 Datus
1073 1959 1125 2018 est
1145 1949 1201 2016 hic
1221 1951 1399 2036 catalogus
1418 1947 1602 2016 mortifica·

380 2063 523 2145 tionum,
545 2064 551 2152 Ι
571 2064 662 2150 quod
674 2063 948 2150 intellexipostea
960 2063 1115 2133 attulisse
1127 2064 1334 2151 singularem
1342 2063 1522 2132 utilitatem
1534 2063 1603 2130 ira—

382 2178 492 2246 tribus
506 2189 542 2247 et
558 2177 747 2246 animorum
764 2177 1004 2247 excitationem
1021 2180 1064 2246 ad
1080 2178 1242 2264 pietatem
1258 2181 1284 2246 ⁴.

447 2294 638 2379 Scripserat
654 2296 768 2362 adme
785 2297 825 2362 P.
845 2293 1027 2381 generalis
1044 2304 1082 2359 vt
1097 2293 1265 2362 mitterem
1288 2293 1431 2380 aliquos,
1453 2293 1511 2381 qui
1531 2294 1605 2360 col-

381 2409 474 2496 legio
490 2430 629 2476 romano
645 2419 785 2495 possent
799 2431 876 2477 esse
890 2408 1003 2475 vtiles.
1027 2410 1078 2474 Ex
1098 2409 1310 2497 Portugallia
1329 2408 1406 2477 misi
1426 2407 1605 2495 Perpinia-

382 2545 478 2605 num,
497 2544 598 2610 quem
615 2524 819 2591 videbantur
840 2545 910 2590 non
930 2545 1034 2610 aegre
1053 2523 1234 2593 dimittere.
1258 2523 1386 2613 Scripsi
1406 2523 1603 2606 Castellam,

381 2650 418 2704 vt
433 2638 608 2706 mitterent
623 2660 701 2706 cum
717 2638 776 2705 illo
796 2638 995 2722 Marianam,
1019 2641 1195 2722 Acestam,
1219 2643 1336 2721 Paem,
1359 2638 1545 2720 Ramirum3
1567 2649 1604 2705 et

380 2753 524 2840 profecti
551 2764 644 2834 sunt,
675 2731 769 2820 nullo
794 2753 1040 2834 intercedente,
1070 2753 1201 2823 etiamsi
1229 2753 1457 2823 intelleximus
1482 2763 1600 2840 postea

380 2868 485 2936 fuisse
501 2871 544 2935 ab
560 2868 744 2955 hispalensi
765 2865 924 2958 [missos],
948 2869 1006 2953 qui
1033 2871 1167 2936 illorum
1193 2870 1282 2937 148
1299 2869 1365 2939 iter
1384 2849 1598 2956 impedirent:

379 2984 510 3070 egressi
525 2984 592 3051 iam
609 2984 744 3052 fuerant
761 2984 947 3070 Hispaniae
963 2986 1050 3054 fines
1067 2987 1091 3052 ⁵.

445 3099 525 3168 Vidi
541 3100 768 3186 praemiorum
780 3101 1060 3168 scholasticorum
1072 3102 1327 3171 exhibitionem.
1340 3101 1421 3171 Vidi
1432 3101 1514 3172 item
1525 3101 1600 3168 eni-

378 3225 533 3303 gmatum
548 3215 823 3302 propositionem.
842 3216 1070 3302 Disputarunt
1089 3218 1288 3305 philosophi.
1312 3217 1437 3286 Omnia
1455 3216 1602 3286 libenter

377 3329 449 3397 vidi
463 3341 499 3398 et
513 3329 669 3417 probaui.
688 3328 767 3396 Dixi
782 3342 822 3398 vt
834 3333 957 3400 Petrus
970 3333 1123 3400 Fonseca
1134 3332 1394 3402 commentarios
1405 3329 1600 3399 conscribe·

378 3456 432 3514 ret
456 3447 469 3483 ⁸
490 3445 527 3512 in
545 3444 804 3531 philosophiam.
833 3445 978 3532 Scripsit
998 3458 1034 3515 et
1054 3447 1160 3516 edidit
1186 3447 1419 3516 institutiones
1445 3445 1600 3515 dialecti-

378 3581 447 3628 cas:
466 3560 583 3630 nescio
598 3582 643 3626 an
658 3559 800 3628 vlterius
815 3559 860 3628 sit
874 3582 1087 3648 progressus.

443 3673 652 3744 Renuntiaui
664 3686 830 3743 rectorem
837 3676 973 3763 collegij
980 3676 1147 3745 inferioris
1166 3678 1172 3766 1
1194 3677 1462 3745 P.Emanuelem
1474 3674 1599 3743 Rodri-

377 3809 466 3877 gues
482 3793 507 3873 ⁷,
525 3789 661 3856 tametsi
680 3790 753 3877 ipse
772 3811 815 3857 ex
836 3790 1027 3860 humilitate
1047 3803 1232 3874 recusaret,
1254 3803 1348 3862 etse
1367 3790 1496 3860 diceret
1521 3789 1598 3856 ido-

432 3999 441 4030 ¹
478 3995 673 4065 saccutum,
686 3997 744 4051 loc.
758 3996 823 4066 cit.,
837 4013 867 4051 ιι.
882 4009 927 4051 22.

428 4087 441 4119 ¹
478 4083 546 4152 Me,
560 4083 700 4139 cubiculi.
719 4085 765 4138 lta
782 4083 998 4140 emendandum
1016 4088 1071 4142 hoc
1089 4091 1212 4144 verbum
1234 4097 1316 4162 patet
1334 4087 1436 4156 exiis,
1458 4101 1534 4158 quae
1552 4083 1596 4139 iu·

376 4171 438 4227 sius
451 4171 488 4227 de
501 4172 605 4226 eodem
619 4172 739 4244 negotio
752 4171 872 4244 scripsit
885 4173 976 4230 Nadal
990 4174 1021 4231 in
1034 4177 1121 4248 epist.
1139 4176 1200 4250 137,
1212 4197 1246 4233 ιι.
1266 4191 1311 4234 10.

429 4261 441 4294 ⁸
477 4261 545 4328 Me,
559 4263 793 4317 mercennariis.

430 4351 442 4382 ⁴
478 4348 673 4417 Saeculum,
688 4351 746 4404 loc.
763 4349 828 4419 eit.‚
841 4369 871 4405 n.
886 4365 930 4406 20.

430 4439 441 4470 ⁵
477 4437 672 4506 Saccumum
685 4439 741 4494 loc.
753 4439 816 4511 cit,
830 4458 859 4494 n.
875 4438 918 4494 23.

429 4527 441 4559 ⁸
477 4524 789 4596 Ms.,conscriberem.

430 4617 441 4648 ⁷
478 4613 546 4684 Me,
565 4613 728 4688 Rodrigcs.
