3504 5386
605 485 640 544 23
659 489 845 542 Ducanaris
867 485 936 556 1563
1332 497 1385 555 475

150 643 195 707 de
211 640 236 706 li
252 638 360 707 nostri
379 639 492 721 Padri;
511 651 546 709 et
561 639 705 706 offeriua
720 641 870 706 anchora
882 637 916 703 di
934 638 1031 706 uoler
1044 639 1095 706 far
1107 639 1139 708 le
1150 615 1385 725 giornateche

149 757 354 824 acadessero
369 754 412 822 de
428 765 480 822 tre
495 777 517 822 o
529 766 653 840 quatro
665 753 777 840 giomi
789 775 849 840 per
861 752 884 818 li
896 753 1033 840 bisogni
1045 753 1101 823 del
1112 755 1209 820 detto
1222 752 1383 840 collegio;

152 873 196 940 de
220 870 293 958 pid,
310 871 354 938 de
372 871 478 952 uoler,
496 869 531 936 in
548 869 718 958 presentia
734 870 786 936 del
814 871 853 936 P.
878 867 1025 938 Uittoria
1045 880 1080 934 et
1100 868 1135 934 di
1155 868 1259 954 quelli
1279 890 1345 936 con
1361 869 1384 935 li

152 987 245 1072 quali
264 989 399 1053 haueua
414 997 594 1072 suaporate
610 986 642 1052 le
657 1005 720 1052 sue
736 1006 827 1068 cose,
845 984 898 1050 dir
914 1006 981 1069 que
997 984 1026 1050 si
1042 994 1190 1070 penteua
1206 985 1261 1050 nel
1276 1005 1384 1052 cuore

152 1114 188 1169 et
204 1102 328 1169 doleua
343 1100 379 1167 di
396 1104 502 1168 hauet
516 1103 610 1168 dette
627 1100 685 1167 tali
702 1121 793 1180 cose,
812 1101 912 1186 quale
928 1102 1063 1168 haueua
1079 1101 1175 1168 detto
1195 1122 1256 1186 per
1271 1100 1384 1168 colera

150 1228 187 1283 et
203 1216 415 1296 alteratione,
434 1217 672 1284 domandando
688 1215 722 1281 di
739 1216 851 1300 quelle
863 1215 1026 1301 perdono.
1042 1217 1175 1300 Queste
1185 1237 1267 1283 cose
1280 1216 1384 1281 trattd

150 1353 218 1398 con
233 1353 291 1399 me
306 1334 428 1400 Ochoa
443 1337 463 1400 a
478 1331 502 1398 li
519 1350 560 1398 22
577 1330 611 1397 di
628 1333 819 1399 Decembre
835 1329 869 1395 in
886 1352 1021 1398 camera
1032 1329 1110 1412 mia,
1126 1333 1233 1400 sendo
1244 1331 1302 1417 gia
1315 1353 1383 1398 vna

148 1450 235 1515 hora
251 1449 294 1513 de
309 1458 416 1516 notte.
435 1449 462 1514 ll
478 1447 600 1534 giorno
616 1457 784 1533 seguente
800 1446 916 1532 parlay
932 1445 967 1510 di
984 1457 1105 1530 questo
1118 1446 1150 1512 al
1168 1449 1207 1513 P.
1228 1445 1382 1514 Uictoria

148 1561 321 1630 dicendoli
337 1561 361 1628 il
376 1562 545 1630 desiderio
561 1565 625 1629 che
641 1561 674 1628 io
691 1572 814 1629 teneua
829 1564 894 1628 che
911 1572 1032 1645 questo
1048 1563 1152 1627 homo
1165 1563 1193 1627 si
1210 1561 1382 1646 quietasse

148 1677 231 1745 etsi
247 1689 384 1765 potesse
411 1679 606 1746 confessam
633 1699 693 1763 per
709 1688 834 1761 queste
858 1677 945 1744 feste
960 1677 1015 1743 del
1032 1677 1166 1755 Natale‚
1189 1688 1224 1744 et
1239 1679 1303 1742 che
1320 1696 1381 1744 ue-

150 1795 252 1861 desse
269 1795 306 1862 S.
325 1796 365 1860 R.
385 1795 501 1879 quello
518 1796 582 1859 che
599 1792 630 1858 io
647 1794 827 1878 pottrebbe
844 1793 1049 1877 respondere
1069 1792 1111 1858 ad
1128 1794 1261 1858 Ochoa‚
1281 1791 1328 1858 Mi
1345 1793 1382 1857 fu

151 1907 302 1994 risposto
319 1910 373 1975 dal
388 1909 484 1974 detto
502 1909 611 1974 Padre
628 1909 683 1973 ch'
702 1909 810 1973 anche
827 1907 886 1992 luy
897 1907 930 1974 le
942 1908 1138 1992 perdonaua
1150 1919 1185 1974 et
1196 1907 1220 1972 li
1232 1909 1382 1975 offereua

153 2027 187 2091 la
207 2045 312 2109 opera
331 2046 409 2105 sua3
428 2045 485 2090 ma
505 2025 569 2090 che
589 2024 713 2090 uoleua
733 2025 797 2088 che
815 2032 1008 2090 recantasse
1027 2033 1063 2090 et
1082 2043 1119 2088 se
1140 2022 1332 2089 desdicesse
1347 2021 1382 2088 di

153 2149 245 2206 tutto
258 2140 372 2223 quello
384 2142 448 2208 che
460 2143 595 2207 haueua
608 2140 715 2219 detto,
726 2159 795 2203 non
807 2138 880 2203 solo
892 2136 1058 2204 diccendo
1069 2141 1134 2204 che
1145 2138 1174 2204 si
1187 2149 1335 2223 penteua
1347 2139 1382 2203 di

152 2255 295 2322 hauerlo
311 2256 418 2334 detto,
436 2277 492 2321 ma
507 2257 571 2320 che
586 2256 722 2344 haueua
734 2255 829 2320 detto
841 2273 908 2337 qua
920 2253 953 2318 la
966 2253 1085 2334 uerita,
1100 2265 1135 2320 et
1150 2256 1214 2319 che
1231 2255 1382 2322 offereua

151 2373 185 2436 la
200 2391 304 2455 opera
318 2391 382 2436 sua
398 2392 467 2436 non
487 2369 521 2435 in
538 2390 617 2434 cosa
638 2370 680 2434 de
696 2367 924 2454 importantia,
942 2390 1003 2454 per
1017 2370 1050 2434 la
1065 2371 1144 2456 qual
1160 2371 1220 2454 luy
1240 2365 1381 2437 nissuna

150 2485 343 2571 aptitudine
359 2484 518 2552 iudicaua
534 2505 647 2552 essere
671 2483 706 2550 in
728 2486 861 2564 Ochoa‚
885 2505 940 2550 ma
956 2483 991 2550 in
1007 2504 1089 2552 cosa
1109 2487 1173 2553 che
1190 2485 1332 2571 ognium
1349 2487 1380 2551 la

151 2601 387 2686 potessefare,
406 2621 503 2667 come
531 2600 659 2710 cogliep
679 2599 813 2685 gabelle
830 2610 864 2667 et
879 2599 968 2666 simil
989 2621 1080 2682 cose,
1098 2611 1132 2667 et
1153 2611 1273 2685 questa
1297 2601 1334 2667 fu
1349 2601 1381 2667 la

151 2715 353 2783 risolutione
369 2717 433 2782 che
449 2715 482 2782 io
498 2727 613 2802 potete
633 2718 760 2783 hauere
780 2715 815 2780 in
836 2726 957 2798 questo
976 2715 1120 2801 negocio
1136 2716 1192 2782 del
1209 2727 1309 2782 canto
1325 2717 1380 2781 del

154 2835 193 2897 P.
214 2829 378 2898 Uictoria.
398 2833 477 2898 Non
493 2830 539 2896 mi
555 2853 619 2898 son
641 2834 789 2897 anchora
810 2829 899 2897 uisto
920 2851 985 2896 con
1007 2832 1141 2912 Ochoa‚
1160 2833 1204 2898 ne
1227 2832 1262 2897 fo
1278 2841 1380 2898 conto

152 2947 196 3013 de
211 2944 290 3012 dirli
307 2947 352 3012 tal
368 2968 460 3026 cose,
479 2947 594 3014 made
614 2946 833 3012 intratenerlo
849 2945 883 3010 in
902 2945 981 3011 tutti
998 2945 1020 3010 li
1041 2945 1132 3012 modi
1151 2949 1215 3014 che
1231 2948 1329 3032 potrd
1345 2947 1379 3012 in
1498 2977 1501 2982 ·

153 3072 282 3146 quanta
309 3083 394 3148 pace
408 3072 443 3131 et
464 3061 580 3148 quiete
600 3059 623 3126 il
639 3051 817 3147 Signor'si
837 3062 988 3147 degnara
1009 3063 1209 3142 concedere,
1232 3065 1296 3130 che
1313 3062 1380 3131 ben

152 3179 241 3246 uedo
252 3178 398 3248 sarebbe
410 3177 469 3264 pid
481 3177 699 3246 accendereil
712 3177 824 3256 suocO,
839 3176 868 3242 si
881 3177 1006 3244 uolessi
1019 3177 1219 3263 risponderli
1231 3180 1263 3246 al
1276 3179 1384 3260 modo¹

152 3294 207 3362 del
220 3295 259 3360 P.
277 3293 435 3362 Uittoria.
453 3295 495 3359 Et
508 3291 553 3358 mi
566 3291 657 3360 disse
672 3293 823 3360 l'Ochoa
835 3304 1097 3378 spressamente,
1112 3295 1249 3378 quando
1265 3293 1287 3358 li
1303 3317 1379 3380 par-

152 3410 219 3493 lay,
246 3411 312 3476 che
327 3409 380 3475 dir
395 3411 459 3476 che
475 3408 588 3492 quello
609 3410 673 3475 che
694 3410 829 3474 haueua
849 3409 944 3474 detto
961 3430 1030 3474 non
1048 3431 1107 3475 era
1128 3430 1211 3476 uero
1232 3431 1301 3475 non
1322 3432 1380 3476 era

154 3523 314 3610 possibile
330 3525 456 3609 perche
472 3545 540 3590 non
556 3525 691 3589 haueua
706 3523 802 3590 detta
820 3544 901 3590 cosa
916 3525 980 3590 che
1000 3545 1069 3588 non
1090 3524 1121 3589 la
1144 3535 1279 3610 potesse
1300 3546 1379 3611 pro-

154 3661 248 3722 uare;
266 3639 290 3704 il
308 3640 431 3718 Padre,
450 3661 510 3724 per
525 3637 548 3703 il
561 3637 742 3719 contrario,
759 3640 921 3723 pretende
937 3641 1001 3706 che
1013 3661 1051 3707 se
1062 3639 1085 3704 li
1101 3642 1146 3706 ha
1158 3641 1238 3706 satta
1257 3639 1380 3707 iniuria

153 3779 174 3822 a
187 3757 249 3842 luy
265 3765 302 3822 et
315 3757 348 3821 al
365 3776 427 3822 suo
439 3754 571 3820 fratello
590 3757 613 3836 ¹,
631 3765 666 3821 et
682 3755 745 3820 che
762 3755 800 3819 in
814 3754 901 3842 soro
916 3757 1139 3821 conscientiae
1154 3755 1299 3840 bisogna
1315 3759 1380 3824 che

155 3871 267 3957 quello
283 3871 312 3937 si
327 3873 372 3936 he
388 3870 474 3936 fatto
489 3867 518 3935 si
539 3866 710 3936 disfaccia.
737 3869 780 3934 V.
800 3871 841 3936 R.
857 3869 944 3936 uede
960 3871 991 3936 la
1007 3869 1183 3937 difficulta.
1203 3872 1282 3937 Non
1299 3893 1380 3957 pare

153 3990 218 4054 che
233 3997 355 4073 questa
369 3985 422 4052 sia
437 3986 469 4051 la
484 3983 542 4051 uia
556 3983 591 4050 di
607 4005 778 4053 smorzare
793 3983 829 4050 in
842 3995 931 4050 tutto
947 3985 970 4050 il
982 3985 1095 4052 fuoco.
1115 3988 1287 4052 Dominus
1294 3995 1379 4074 pro·
1441 4058 1444 4065 Α

153 4103 279 4182 uideat,
297 4123 394 4171 come
410 4122 510 4187 spero
526 4103 590 4170 che
601 4103 635 4168 lo
653 4102 734 4167 lara.
754 4101 788 4166 lo
804 4099 860 4168 del
876 4112 977 4167 canto
993 4099 1061 4167 mio
1082 4123 1150 4167 non
1170 4103 1329 4169 mancaro
1344 4102 1379 4168 di

152 4219 222 4287 fare
238 4228 367 4304 quanto
390 4215 414 4282 il
442 4216 570 4303 Signor
585 4217 632 4283 mi
658 4217 858 4285 concedera.
878 4215 1026 4284 Dissemi
1051 4219 1173 4285 Ochoa
1188 4219 1253 4286 che
1268 4219 1379 4286 hauea

152 4334 254 4401 serito
269 4333 328 4421 gia
355 4356 375 4440 a
398 4333 442 4398 V.
462 4334 504 4400 R.
524 4342 615 4399 tutto
630 4332 744 4416 quello
759 4331 794 4397 in
811 4333 875 4398 che
894 4329 923 4397 si
944 4353 1003 4398 era
1022 4331 1174 4418 obligato
1198 4354 1257 4418 per
1273 4333 1297 4398 il
1312 4353 1378 4400 suo

155 4450 286 4518 fratello
301 4471 361 4536 per
377 4449 450 4516 sola
466 4449 586 4517 offerta
601 4449 657 4515 del
676 4450 714 4514 P.
734 4446 878 4527 Uitoria,
892 4460 927 4513 et
943 4449 1013 4514 cosi
1029 4470 1098 4514 non
1115 4469 1221 4535 penso
1237 4471 1281 4517 ne
1293 4449 1378 4515 scri-

158 4565 194 4575 *
208 4613 215 4646 ¹
255 4611 301 4666 De
313 4609 403 4665 fratre
417 4609 512 4665 Patria
526 4607 666 4679 Victoria,
680 4608 730 4680 qui
744 4607 868 4680 Neapoli
881 4607 1014 4676 vivebat,
1029 4608 1096 4664 vide
1109 4609 1200 4681 epist.
1222 4609 1285 4678 ²96.
1299 4627 1332 4664 υ·
1349 4624 1377 4678 ti

156 4707 185 4756 et
197 4699 436 4773 append.,XVl,
450 4700 495 4767 b).

841 4867 852 4902 Ι
