3666 5384
359 439 395 496 54
786 431 819 484 P.
840 430 981 488 Nimis
1000 431 1165 488 Erflnunn.

359 576 519 666 religioni
540 578 652 650 editae
673 603 693 646 a
718 601 867 664 caesare3
890 593 1096 670 quapropter
1116 581 1182 650 tuit
1201 583 1373 669 relegatus
1395 604 1415 648 a
1434 601 1585 648 caesare.

360 693 451 760 quit
466 693 661 765 visitatione
676 694 807 782 aliquas
822 698 984 766 ecclesias
999 708 1034 767 et
1050 697 1265 766 monasteria.

428 813 470 876 P.
489 809 663 878 Adrianus
681 811 762 879 fecit
775 811 910 880 initium
931 813 1078 901 collegio
1099 813 1300 882 louaniensi:
1319 814 1412 882 dedit
1432 811 1479 878 illi
1495 813 1586 880 bona

361 947 424 992 sua
440 936 493 993 sat
508 927 630 1013 ampla:
648 928 787 996 habitus
802 940 855 998 est
870 930 1033 1017 egregius
1049 931 1288 998 confessarius.

429 1044 470 1109 P.
489 1042 607 1111 Violas
622 1046 747 1111 bonam
764 1067 900 1132 operam
916 1045 1058 1113 nauauit
1074 1045 1220 1133 primum
1241 1045 1409 1125 Lutetiae,
1433 1044 1470 1112 in
1481 1045 1589 1120 colle-

362 1157 422 1243 gio
452 1158 753 1246 longobardorum:
776 1159 781 1247 Ι
802 1161 931 1248 recepit
946 1162 1076 1248 aliquot
1090 1163 1134 1228 ad
1150 1161 1368 1230 Societatem:
1399 1159 1479 1228 dein
1499 1157 1589 1228 iuuit

363 1273 600 1343 fundationem
615 1277 749 1363 collegij
766 1276 977 1346 biliomensis
993 1288 1028 1346 et
1043 1277 1247 1346 aedificium.

431 1391 501 1458 Sed
528 1400 562 1458 et
590 1391 674 1458 illud
704 1393 839 1474 addam,
874 1394 1010 1462 tandem
1037 1393 1224 1462 desciuisse
1255 1391 1473 1460 aBobadilla
1505 1388 1592 1458 alios
1710 1367 1714 1372 ¹

364 1525 494 1572 omnes.

431 1620 553 1707 Igitur,
567 1633 604 1688 vt
617 1625 662 1689 ad
672 1624 922 1692 bobadillanam
935 1625 1135 1692 seditionem
1151 1637 1314 1705 reuertar,
1337 1623 1403 1690 iam
1423 1622 1498 1691 eius
1515 1631 1590 1688 tur-

364 1736 519 1805 bulentia
533 1760 602 1805 non
614 1740 725 1805 solum
737 1740 1042 1828 domivagabatur,
1060 1744 1122 1810 sed
1133 1742 1178 1807 ad
1192 1751 1352 1809 externos
1367 1749 1440 1806 erat
1456 1739 1499 1806 ab
1514 1737 1592 1823 ipso

365 1853 489 1934 delata,
508 1873 614 1938 quum
630 1875 712 1923 ecce
727 1854 789 1921 tibi
804 1855 904 1922 aliam
921 1856 1172 1924 tribulationem
1188 1857 1249 1923 96
1265 1853 1427 1924 excitauit
1439 1858 1479 1920 Ρ.
1495 1855 1590 1920 Pon-

365 1967 446 2034 tius:
465 1989 505 2034 ae
525 1968 602 2053 quis
624 1968 787 2036 Pontius?
806 1970 835 2038 is
857 1971 916 2058 qui
931 1971 1031 2038 anxie
1051 1981 1154 2057 atque
1179 1973 1384 2058 impotenter
1402 1969 1592 2056 expetierat

364 2082 538 2170 designari
553 2085 730 2170 professus
741 2099 947 2172 qvotorum,
961 2088 1055 2172 quod
1067 2111 1137 2154 non
1149 2099 1338 2167 assecutus
1354 2085 1431 2152 tulit
1443 2108 1519 2154 eam
1534 2107 1591 2152 re—

366 2199 500 2284 pulsam
518 2199 842 2286 impatientissimus.
867 2204 1020 2270 Feruens
1039 2203 1165 2290 alioqui
1185 2202 1376 2290 operariuS,
1400 2202 1456 2270 cui
1477 2213 1592 2269 tamen

367 2313 510 2383 durities
525 2315 646 2402 capitis
661 2317 843 2404 negocium
860 2319 1062 2386 facessebat:
1081 2317 1206 2404 alioqui
1221 2319 1313 2385 vtilis
1330 2321 1444 2385 Pater.

433 2433 512 2498 Non
527 2435 714 2499 censebant
729 2432 862 2519 hispani
879 2436 999 2502 Patres
1015 2433 1069 2519 alij
1087 2444 1222 2520 praeter
1237 2433 1403 2502 lusitanos
1419 2455 1495 2502 esse
1511 2454 1595 2500 eon-

368 2521 580 2634 gregandani
597 2548 803 2618 Societatem
819 2551 959 2630 Romae,
973 2551 1034 2618 sed
1047 2550 1282 2620 Barchinonae
1298 2551 1334 2616 in
1350 2549 1538 2617 Catalonia:
1557 2547 1593 2614 id

367 2662 456 2729 serio
484 2666 736 2732 contenderunt
763 2687 783 2732 a
810 2667 912 2734 Patre
938 2665 1090 2750 vileario,
1121 2667 1225 2734 misso
1248 2669 1349 2733 Patre
1374 2666 1500 2750 Veyra.
1541 2665 1594 2730 Ex

368 2779 509 2845 consilio
527 2783 680 2861 Patrum,
698 2779 827 2867 placuit
843 2781 937 2848 Patri
957 2781 1084 2848 vicario
1105 2793 1142 2847 vt
1163 2803 1233 2848 rem
1254 2782 1298 2849 ad
1318 2779 1417 2848 Pauli
1437 2779 1485 2863 41
1502 2778 1594 2846 iudi-

368 2894 459 2961 cium
474 2895 689 2962 referremus,
709 2898 753 2977 ls,
768 2896 900 2963 etiamsi
911 2917 953 2964 eo
965 2909 1116 2984 tempore
1133 2908 1268 2983 gereret
1283 2897 1411 2963 bellum
1427 2897 1596 2963 aduersus

372 2994 578 3096 Philippum,
596 3009 682 3078 dixit
698 3021 811 3080 tamen
826 3021 876 3092 vt,
891 3034 928 3080 re
939 3013 1053 3080 denuo
1064 3012 1291 3093 considerata,
1306 3032 1441 3078 rursum
1454 3010 1498 3076 ad
1514 3031 1594 3077 eum

368 3124 576 3194 veniremus:
591 3137 729 3213 sperant
741 3128 844 3213 aliqui
857 3130 1011 3194 futurum
1026 3139 1065 3194 vt
1080 3151 1156 3195 eam
1172 3126 1419 3214 protectionem
1433 3127 1596 3212 probaret

372 3242 512 3308 Paulus
532 3241 590 3309 Sic
605 3265 671 3323 reS,
690 3265 795 3328 quum
811 3265 892 3313 ecce
905 3243 966 3310 tibi
980 3243 1123 3310 Pontius
1134 3241 1257 3311 detulit
1269 3243 1313 3308 ad
1324 3241 1521 3328 pontificem
1533 3261 1600 3307 suo

370 3339 598 3444 chirographo
614 3379 677 3424 nos
692 3360 780 3427 velle
796 3359 845 3428 ire
860 3359 896 3425 in
909 3359 1121 3446 Hispaniam:
1140 3358 1169 3426 si
1181 3359 1264 3444 quid
1276 3368 1452 3445 praeterea
1465 3355 1524 3423 97
1535 3357 1599 3423 ad-

371 3472 506 3554 diderit,
521 3495 584 3540 nos
611 3475 831 3543 nesciuimus:
860 3475 944 3542 illud
970 3475 1130 3557 vidimus,
1153 3477 1374 3542 vehementer
1389 3481 1599 3540 commotum

371 3599 491 3654 contra
506 3610 569 3654 nos
587 3591 732 3657 Paulum
748 3591 945 3677 imperasse,
963 3603 1001 3656 vt
1016 3591 1131 3656 nullus
1147 3613 1167 3658 e
1183 3589 1355 3658 Societate
1371 3589 1480 3655 Roma
1495 3607 1599 3654 exce-

372 3705 469 3770 deret
484 3703 542 3770 illo
557 3703 763 3787 inconsult0,
786 3719 824 3772 vt
844 3707 1039 3793 diplomata,
1057 3726 1176 3772 omnes
1195 3703 1470 3784 constitutiones,
1492 3723 1597 3788 regu-

371 3821 433 3902 las,
452 3830 489 3887 vt
505 3821 549 3887 ad
564 3820 675 3906 ipsum
690 3822 913 3903 deferremus,
931 3823 1020 3891 velle
1035 3843 1073 3889 se
1093 3820 1207 3887 omnia
1222 3841 1322 3886 suum
1335 3817 1499 3886 iudicium
1515 3819 1601 3885 sub-

374 3936 425 4003 ire
444 3939 466 4003 ¹.
953 3949 957 3958 '

440 4053 583 4120 Fuimus
598 4073 681 4120 sane
698 4062 767 4120 tam
783 4051 854 4120 acri
869 4051 1011 4139 imperio
1026 4049 1198 4118 commoti:
1218 4049 1410 4118 sciebamus
1434 4049 1602 4115 minatum

374 4171 521 4236 Paulum
537 4169 671 4256 Ignatio
682 4177 817 4234 mortuo
829 4169 854 4234 ¹:
874 4167 980 4235 fuisse
995 4165 1043 4233 illi
1060 4168 1174 4253 quoad
1184 4164 1269 4231 vixit
1281 4165 1466 4232 infensum:
1481 4183 1607 4250 gerere

373 4287 502 4354 bellum
514 4294 637 4351 contra
653 4283 859 4370 Philippum:
879 4305 955 4352 esse
970 4304 1095 4364 acrem,
1114 4291 1195 4364 etc.;
1213 4291 1249 4362 et
1269 4290 1382 4349 tamen
1403 4300 1474 4347 non
1488 4279 1605 4345 deter-

374 4400 431 4467 riti
446 4402 647 4468 dolebamus
661 4399 760 4466 nobis
775 4403 998 4468 vehementer
1017 4398 1110 4466 vices
1127 4395 1336 4479 Bobadillae,
1358 4405 1393 4462 et
1410 4394 1524 4480 Pontij
1541 4395 1608 4462 de—

433 4565 440 4596 ¹
478 4559 675 4631 Saccflrth,
688 4562 744 4616 loc.
758 4561 822 4630 cit.,
836 4575 885 4614 nn.
904 4559 950 4628 76,
962 4569 1009 4629 77.

429 4655 441 4686 ¹
478 4649 554 4705 Vide
567 4666 665 4723 supra,
678 4667 745 4722 pag.
765 4662 811 4719 5ο.
