3666 5384
409 446 446 506 16
831 447 864 502 P.
885 447 1026 502 Nereus
1045 445 1211 501 Eranusa.

401 613 492 667 turn:
512 599 603 666 misit
619 610 739 686 postea
753 600 789 668 iu
806 598 952 668 Galliam
968 598 1004 664 in
1018 595 1257 678 ministerium,
1275 597 1334 664 vbi
1349 597 1433 664 nihil
1450 599 1542 666 aliud
1559 603 1631 669 fere

400 711 505 806 [fecit]
521 736 623 802 quam
639 735 717 782 cum
733 735 859 802 magna
871 711 1040 801 aegritudi
1053 710 1121 804 [ne]
1134 711 1194 779 48
1206 712 1421 780 conflictatus
1432 723 1496 796 est3
1512 724 1626 783 tamen

399 831 554 899 seculare
569 830 740 915 quoddam
760 829 944 918 negocium
966 826 1084 895 matris
1105 849 1231 914 magna
1250 827 1427 915 diligentia
1448 828 1484 896 in
1503 843 1627 899 senatu

397 945 541 1030 aquensi
557 944 715 1014 confecit.
735 947 853 1031 Quum
870 944 1013 1040 redisset
1024 946 1179 1024 Romam,
1193 963 1234 1011 ac
1245 943 1385 1030 obijsset
1398 948 1438 1012 P.
1453 945 1624 1032 IgnatiuS,

399 1060 512 1128 visum
529 1069 581 1129 est
599 1059 691 1128 Patri
707 1060 836 1128 vicario
854 1059 949 1126 illum
973 1061 1084 1126 facere
1104 1061 1226 1126 domus
1242 1080 1401 1127 romanae
1417 1059 1625 1128 ministrum:

396 1176 579 1243 timebatur
595 1175 687 1242 enim
702 1175 823 1262 capitis
838 1176 912 1243 eius
928 1174 1083 1256 duritieS,
1102 1196 1192 1260 quae
1212 1174 1261 1240 illi
1280 1196 1413 1262 semper
1429 1175 1531 1243 infuit
1551 1177 1625 1244 sin—

394 1290 536 1378 gularis:
548 1290 731 1359 timebatur
743 1290 886 1377 pristina
898 1289 1049 1358 ambitio:
1063 1291 1264 1375 sperabatur
1275 1290 1348 1359 fore
1359 1291 1454 1357 illum
1467 1291 1622 1378 quietum

395 1404 432 1470 in
447 1403 663 1492 magistratu,
681 1404 781 1474 cuius
797 1404 978 1473 videbatur
993 1425 1068 1471 esse
1085 1403 1216 1471 fortiter
1237 1416 1412 1491 appetens
1432 1407 1511 1473 Hoc
1529 1407 1621 1474 facto

394 1519 551 1586 ministro
568 1520 670 1606 paulo
690 1519 696 1608 Ι
716 1518 935 1586 commodiori
951 1520 1143 1600 utebamur3
1162 1521 1222 1586 sed
1237 1521 1457 1586 obseruatum
1473 1532 1526 1587 est
1542 1543 1622 1589 eum

396 1633 540 1721 pristino
555 1656 619 1701 suo
633 1636 723 1702 malo
738 1657 808 1702 non
820 1634 930 1701 solum
943 1655 1013 1700 non
1025 1655 1101 1702 esse
1113 1633 1306 1716 liberatum,
1320 1637 1381 1702 sed
1393 1634 1622 1728 importunius

396 1750 510 1816 adhuc
525 1749 652 1836 vrgeri,
666 1773 745 1818 narn
761 1761 796 1817 et
811 1773 832 1818 a
849 1753 952 1818 Patre
963 1748 1089 1816 vicario
1101 1770 1170 1815 non
1182 1750 1287 1817 semel
1299 1749 1398 1836 petijt
1409 1761 1447 1816 vt
1458 1749 1523 1817 sibi
1535 1773 1618 1818 con-

392 1866 573 1934 cederetur
588 1866 753 1952 professio
768 1885 790 1950 4
805 1876 975 1935 votorum:
1001 1863 1099 1933 iussit
1119 1863 1392 1932 Pater·vicarius
1414 1865 1510 1934 illum
1528 1867 1621 1935 bene

393 2000 542 2067 sperare:
572 1980 657 2047 dixit
677 1983 810 2052 nullum
829 2003 930 2068 posse
950 1979 1194 2067 professionem
1222 1979 1378 2049 emittere
1397 1981 1507 2048 donec
1526 1981 1617 2050 desi-

392 2106 520 2182 gnatus
529 2106 620 2164 esset
631 2097 801 2184 generalis
812 2096 1039 2184 praepositus:
1052 2095 1099 2161 illi
1109 2117 1206 2162 suam
1217 2117 1355 2182 operam
1368 2106 1421 2165 est
1432 2095 1617 2184 pollicitus.

391 2212 470 2278 Non
486 2222 672 2298 potuerunt
687 2215 772 2281 haec
788 2215 908 2280 sedare
923 2212 997 2279 eius
1013 2210 1230 2291 desiderium,
1245 2210 1344 2278 cuius
1356 2221 1425 2278 tam
1436 2211 1617 2279 videbatur

391 2347 468 2394 esse
484 2326 653 2414 impotens
664 2338 701 2395 vt
715 2327 870 2396 auditum
883 2329 925 2394 ab
937 2348 979 2393 eo
991 2325 1037 2392 sit
1047 2347 1096 2406 sc,
1109 2325 1139 2392 si
1151 2347 1220 2393 non
1231 2327 1328 2394 fieret
1339 2327 1526 2413 professuS,
1540 2326 1616 2394 abi·

390 2451 506 2508 turum
522 2441 636 2528 aliquo
651 2465 695 2510 ne
709 2443 842 2512 videret
858 2439 1161 2528 congregationem
1177 2441 1385 2528 generalem.
1401 2443 1519 2527 Quum
1530 2463 1616 2510 vero

390 2560 511 2624 Patres
527 2557 586 2639 illi,
605 2559 648 2626 de
663 2558 788 2643 quibus
803 2557 884 2639 dixi,
901 2556 1077 2624 venissent
1095 2557 1118 2637 ¹,

601 2765 956 2878 [uenenariorum
980 2787 1102 2856 enas
1125 2787 1376 2856 secuuon·

900 2957 1062 3012 tam-150

952 3213 1048 3285 assa]

446 3367 468 3431 1
495 3365 778 3433 constitutionum
794 3376 932 3453 propter
948 3363 1213 3446 festinationem,
1231 3385 1301 3432 non
1317 3363 1407 3433 enim
1427 3376 1525 3431 erant
1544 3387 1607 3434 ex·

380 3478 557 3566 scriptum,
576 3491 611 3549 et
627 3502 711 3566 quas
723 3479 1039 3550 habeba'm'institui
1062 3501 1104 3547 ex
1128 3480 1268 3566 antiquo
1291 3477 1474 3566 exemplari
1492 3481 1605 3550 facere

433 3677 442 3709 ¹
479 3673 541 3745 Sic,
555 3675 703 3731 sententia
716 3676 903 3748 incompleta,
917 3674 1038 3749 explicit
1051 3675 1143 3748 prima
1156 3690 1223 3748 pars
1236 3673 1483 3747 Ephemmidum.

429 3765 441 3797 ²
479 3762 555 3818 Vide
567 3762 647 3819 dicta
664 3781 761 3836 supra,
775 3781 863 3836 pagg.
880 3777 892 3819 1
908 3771 939 3819 et
956 3779 972 3818 2
985 3772 1084 3820 annot.
1101 3776 1126 3834 1,
1139 3763 1177 3818 de
1186 3764 1246 3818 bac
1260 3764 1352 3818 altera
1364 3762 1601 3836 Ephemeridum

374 3860 469 3924 parte,
483 3851 567 3923 cujus
584 3851 701 3908 initium
717 3853 841 3926 periisse
858 3853 985 3923 videtur,
1003 3861 1036 3908 ut
1053 3853 1207 3926 perspicue
1223 3852 1318 3926 liquet
1334 3870 1371 3907 ex
1390 3851 1491 3924 primis
1501 3853 1602 3908 verbis

372 3940 436 3997 folii
451 3953 477 4012 1,
487 3959 612 4015 quorum
624 3959 730 3998 sensus
743 3960 781 3997 ex
794 3941 1040 4014 praecedentibus
1054 3941 1174 4014 pendet,
1187 3941 1295 4015 quibus
1305 3941 1480 4014 principium
1489 3960 1561 3998 suae
1571 3942 1601 3998 in

372 4030 555 4086 Lusitaniam
568 4031 717 4087 missionis
731 4048 883 4088 enarrasse
895 4030 1021 4086 videtur.
1035 4033 1078 4086 Ea
1088 4039 1187 4087 tamen
1197 4033 1334 4104 supplere
1344 4029 1430 4086 facile
1440 4031 1551 4104 poteris
1564 4050 1601 4087 ex

372 4119 420 4189 iis,
433 4137 510 4193 quae
528 4119 623 4175 fusius
644 4120 707 4193 ipse
725 4120 819 4176 Nadal
837 4120 874 4175 de
892 4122 946 4176 hac
965 4120 1154 4194 expeditione
1170 4120 1289 4193 scripsit
1307 4121 1337 4176 in
1357 4119 1490 4192 epistolis
1508 4119 1602 4190 5360.

370 4207 484 4264 Sensus
497 4226 569 4263 vero
581 4209 668 4280 hujus
681 4209 793 4282 periodi
806 4208 998 4282 imperfectae
1011 4211 1053 4265 ita
1065 4210 1201 4266 Natalem
1218 4211 1349 4266 voluisse
1362 4209 1526 4278 exprimere
1539 4225 1603 4266 cre-

369 4295 476 4353 dimus:
491 4299 590 4354 Romo
608 4300 642 4354 in
661 4298 855 4355 Lusitaniam
868 4300 988 4365 miseris,
1002 4317 1064 4355 non
1076 4317 1192 4356 mecum
1209 4299 1330 4372 deferre
1339 4300 1429 4372 potui
1444 4300 1600 4372 exemplar

269 4463 272 4468 1
367 4388 628 4451 constitutionum,
638 4391 766 4460 propter
772 4389 1016 4461 festinationem,
1030 4407 1092 4444 non
1101 4390 1182 4444 enim
1192 4393 1260 4445 erat
1268 4390 1461 4462 exscriptum,
1471 4392 1510 4453 et,
1521 4405 1599 4459 quas

367 4476 521 4542 habebam,
535 4482 624 4532 erant
641 4479 863 4549 compendium,
877 4481 956 4550 quod
972 4497 1008 4535 en
1020 4480 1147 4549 antiquo
1163 4477 1333 4551 exemplari
1343 4478 1450 4551 facere
1462 4479 1594 4551 incoepe-

366 4583 447 4621 ram.
470 4565 537 4621 Hoc
557 4571 659 4622 autem
684 4570 859 4640 compendio
884 4587 955 4624 usius
972 4568 1030 4640 sui
1050 4570 1124 4624 dum
1149 4571 1326 4640 exponerem
1351 4585 1486 4623 examen.
1514 4565 1592 4622 Vide

366 4655 465 4728 Epist.
479 4655 596 4722 Natat„
610 4656 635 4726 1,
650 4653 713 4730 186,
730 4675 780 4714 nn.
793 4668 822 4730 7,
835 4656 863 4714 8.
