3666 5384
851 466 919 526 1555
1459 457 1495 514 33

258 605 478 673 domesticis:
492 607 684 693 appellabat
696 607 739 673 ad
750 627 946 693 carpensem
967 610 973 641 ¹
992 618 1231 694 protectorem:
1246 618 1319 677 erat
1330 609 1492 696 suspici0,
1566 587 1578 608 ’

258 721 366 806 quod
380 719 594 807 impetrasset
610 723 716 791 breue
735 721 970 808 exemptionis,
989 733 1025 790 et
1040 723 1181 811 (opinor)
1202 722 1307 790 fuisse
1322 725 1387 791 hoc
1403 746 1494 792 com-

267 849 420 924 pertum.
443 837 598 904 Tandem
618 858 659 906 eo
679 847 833 918 ventum,
860 849 898 904 vt
922 838 1051 924 petenti
1077 837 1180 906 fuerit
1206 859 1368 906 concessa
1395 861 1494 926 pere-

263 952 421 1040 grinatio
433 951 743 1038 hierosolymitana.
761 954 812 1018 Eo
825 962 937 1021 tamen
951 975 1019 1019 non
1032 952 1222 1040 nauigauit,
1236 953 1309 1033 sed,
1328 957 1494 1041 probante

270 1069 316 1134 P.
339 1067 485 1154 lgrratio,
507 1067 617 1134 haesit
639 1065 785 1154 primum
806 1067 972 1153 VenetijS,
995 1067 1075 1134 dein
1097 1067 1243 1153 Patauij,
1267 1069 1405 1137 demum
1425 1073 1493 1138 Ba-

264 1181 349 1249 sani
364 1182 553 1250 inseoessu
569 1185 610 1250 P.
633 1183 790 1270 Gasparj.

340 1300 421 1366 Erat
436 1299 573 1366 futurus
588 1308 780 1368 conuentus
795 1296 925 1384 imperij
942 1299 1135 1386 Augustae:
1153 1299 1197 1365 ad
1216 1297 1311 1365 illum
1331 1299 1493 1388 designa·

267 1414 325 1480 uit
345 1415 409 1482 44
428 1414 533 1480 lulius
560 1414 712 1500 legatum
740 1416 935 1481 Moronum:
959 1411 1015 1480 hic
1042 1413 1138 1500 petijt
1158 1414 1244 1480 duos
1272 1415 1452 1502 theologos
1473 1438 1493 1483 a

269 1533 313 1597 P.
333 1528 479 1617 Ignatio,
493 1529 528 1597 id
547 1529 650 1598 etiam
676 1530 814 1597 volente
840 1528 936 1596 lulio,
959 1527 1169 1616 Designatus
1189 1529 1254 1597 fuit
1281 1531 1322 1598 Ρ.
1342 1532 1489 1616 Laynes:

267 1663 345 1712 2³¹⁸
376 1645 523 1732 (opinor)
555 1644 620 1711 fuit
652 1645 788 1711 futurus
818 1645 859 1710 Ρ.
893 1645 1085 1727 Salmeron,
1117 1644 1182 1712 nisi
1211 1645 1341 1712 veritus
1372 1645 1492 1715 fuisset

270 1763 315 1828 P.
329 1760 483 1848 [gnatius
495 1761 667 1828 offendere
678 1759 828 1827 animum
840 1759 985 1843 Moroni,
1000 1759 1058 1846 qui
1070 1781 1114 1829 ex
1125 1763 1227 1829 rebus
1242 1761 1492 1829 mutinensibus
1582 1809 1585 1812 -

270 1858 464 1963 praeteritis
484 1876 686 1943 credebatur
705 1873 853 1943 libertati
872 1875 1078 1943 Salmeronis
1098 1875 1262 1943 infensus:
1292 1875 1491 1964 designatus

270 2014 351 2060 sum
371 2013 450 2078 ego.

339 2109 536 2194 Antequam
552 2108 660 2173 Roma
671 2106 891 2187 discederem,
905 2106 994 2173 serio
1006 2105 1140 2193 egimus
1152 2116 1187 2175 et
1198 2105 1407 2176 confecimus
1421 2108 1490 2176 fere

268 2224 365 2309 apud
376 2221 499 2290 lulium
509 2233 548 2289 vt
559 2220 723 2291 Societati
735 2222 937 2290 concederet
948 2220 1152 2313 [facultates]
1163 2224 1326 2307 quasdam
1337 2219 1491 2310 insignes

267 2349 308 2406 et
328 2337 428 2405 vtiles
447 2338 558 2406 valde:
581 2348 797 2404 concesserat
817 2337 883 2404 iam
904 2339 1036 2404 Puteus
1055 2335 1247 2404 cardinalis:
1270 2337 1362 2404 aliud
1381 2337 1386 2426 Ι
1406 2337 1492 2405 nihil

265 2453 528 2522 desiderabatur
547 2473 650 2538 quam
665 2462 703 2518 vt
725 2455 856 2520 Puteus
875 2452 1017 2520 referret
1036 2453 1080 2518 ad
1100 2450 1234 2518 lulium:
1252 2474 1322 2519 non
1341 2452 1490 2520 solicita-

270 2580 355 2634 runt
374 2572 522 2636 Puteum
542 2577 580 2632 vt
601 2550 743 2636 referret
770 2577 952 2652 antequam
970 2565 1007 2632 in
1027 2567 1183 2632 morbum
1205 2588 1283 2634 eum
1299 2566 1430 2651 incidit,
1448 2591 1491 2637 ex

267 2706 343 2770 quo
363 2693 530 2750 mortuus:
560 2680 724 2748 iudicauit
750 2682 898 2750 alienum
925 2703 1000 2749 esse
1028 2690 1162 2767 tempus
1182 2680 1250 2762 ille,
1269 2704 1333 2750 nec
1362 2681 1489 2766 retulit;

268 2799 388 2884 itaque
404 2798 478 2864 illas
494 2798 673 2864 facultates
687 2816 863 2881 nunquam
878 2794 1145 2882 impetrauimus:
1168 2807 1262 2864 extat
1277 2797 1388 2864 adhuc
1408 2819 1490 2885 sup-

271 2913 411 3002 plicatio
436 2912 538 2980 domi.
569 2911 656 2978 Illud
682 2911 784 2980 etiam
811 2915 876 3004 h9c
903 2921 1053 2998 ternpore
1079 2909 1214 2995 accidit,
1243 2911 1383 2998 (opinor)
1411 2923 1491 2982 ante

265 3029 486 3107 electionem,
507 3028 552 3096 de
571 3048 640 3113 qua
661 3025 731 3093 dixi
751 3026 918 3113 superius.
942 3025 1060 3094 Voluit
1076 3028 1115 3094 P.
1139 3026 1293 3109 Ignatius
1319 3026 1491 3114 inquirere

267 3145 417 3212 demea
443 3143 691 3230 gubernatione
718 3141 889 3222 siciliensi,
919 3142 1024 3212 etde
1050 3165 1091 3211 ea
1113 3164 1151 3209 re
1177 3141 1375 3210 nominatim
1399 3144 1491 3228 quod

266 3259 412 3327 nimium
427 3239 537 3328 essem
554 3279 716 3345 praeceps
732 3269 767 3326 et
781 3257 950 3326 violentus
965 3279 1007 3324 ac
1026 3256 1252 3343 importunus:
1270 3257 1391 3324 indixit
1406 3278 1490 3325 con-

267 3374 509 3462 gregationem
536 3393 580 3457 40
606 3374 833 3442 sacerdotum:
857 3372 979 3440 acriter
1001 3371 1087 3439 dixit
1103 3374 1147 3440 de
1165 3392 1220 3439 me
1238 3375 1278 3440 P.
1298 3373 1489 3442 cordune-

268 3491 350 3570 lius,
379 3501 446 3559 etc.
477 3490 552 3576 Ego
572 3487 634 3570 fui,
657 3509 762 3574 quum
782 3487 943 3568 dicerem,
969 3497 1206 3574 compunctus3
1233 3498 1268 3553 et
1288 3489 1387 3574 plane
1414 3509 1490 3556 sum

269 3607 449 3674 confessus
464 3627 574 3673 meam
589 3604 797 3690 deploratam
813 3601 1054 3673 infirmitatem.

338 3721 418 3788 Dixi
435 3724 476 3788 Ρ.
498 3719 630 3808 Ignatio
653 3720 698 3788 de
717 3729 798 3786 voto
825 3717 926 3798 illius,
955 3717 1011 3785 cui
1031 3739 1108 3786 sum
1127 3720 1263 3788 locutus
1282 3719 1318 3786 in
1346 3719 1490 3787 transitu

267 3857 351 3902 cum
367 3837 523 3916 Tablare,
542 3844 577 3904 et
596 3842 842 3902 commutatum
862 3834 897 3900 in
917 3833 1097 3902 Societatis
1112 3836 1176 3902 sub
1197 3835 1320 3902 niceno
1340 3834 1487 3904 nornine:

267 3949 414 4018 missum
429 3961 482 4018 est
497 3953 615 4033 breue,
633 3961 699 4019 etc.

338 4066 479 4133 Dixerat
493 4065 577 4132 milri
594 4069 633 4133 Ρ.
653 4063 807 4152 Ignatius
823 4063 887 4130 tria
903 4086 939 4131 se
959 4063 1169 4134 desiderasse
1184 4087 1205 4132 a
1220 4067 1295 4134 Deo
1310 4062 1486 4148 consequi:

267 4181 453 4252 Societatis
479 4181 782 4260 confirmationem,
812 4179 994 4248 editionem
1021 4179 1314 4259 constitutionum,
1336 4189 1371 4246 et
1390 4198 1489 4246 exer-

269 4295 429 4364 citiorum
455 4295 746 4383 approbationem.
770 4295 867 4362 Haec
887 4314 993 4379 quum
1014 4314 1081 4382 ego
1102 4293 1341 4374 meminissem,
1364 4304 1399 4363 et
1419 4293 1489 4360 dixi

266 4411 365 4500 [sset:
380 4409 405 4504 l]
419 4411 474 4478 rin
489 4409 610 4497 spiritu
627 4410 728 4478 modo
743 4431 835 4477 eram
851 4428 918 4496 ego
934 4408 1065 4493 altior»,
1087 4408 1093 4498 )
1113 4429 1322 4496 sumpseram
1337 4409 1490 4478 occasio-

329 4663 336 4694 ¹
372 4659 503 4731 Scilicet,
516 4659 554 4716 ad
564 4659 742 4716 cardinalem
754 4659 791 4715 de
804 4658 903 4732 Carpi,
917 4660 1073 4716 Societatis
1085 4667 1290 4733 protectorem.
