3634 5396
400 453 454 520 670
871 451 975 509 Enrsr.
995 450 1029 504 P.
1050 450 1163 505 Nauae

401 603 538 672 elesiam
552 603 743 672 redundare
755 613 868 687 queat.
885 602 954 671 Sed
967 623 1044 668 eum
1059 602 1192 669 uideam
1205 613 1335 690 quanto
1346 602 1424 669 usui
1436 599 1540 668 michi
1552 623 1631 670 esse

400 704 503 777 queat
519 691 554 756 in
571 695 635 757 hac
650 691 798 758 diocaesi
809 691 879 777 [sic]
899 711 974 758 mea
987 693 1026 758 P.
1046 692 1254 760 Balthazaris
1266 691 1449 778 presentia,
1463 711 1628 777 cuperem

401 801 619 867 magnopere,
639 791 677 846 ut
694 783 734 847 P.
753 782 836 847 Vae
852 802 931 847 eum
947 779 983 845 in
994 780 1141 866 collegio
1154 802 1230 848 meo
1246 779 1533 866 braunspergensi
1549 801 1628 848 esse

399 880 435 936 et
450 867 650 936 commorari
665 870 817 935 iubeant.
837 871 875 935 ln
891 890 970 954 quo,
989 890 1067 935 cum
1084 868 1149 934 iam
1165 870 1210 936 sit
1224 871 1333 935 multo
1346 868 1494 936 maxima
1505 890 1627 936 eorum

398 957 602 1024 scholarium
619 979 709 1043 pars,
723 957 781 1042 qui
794 958 865 1024 nati
877 957 1004 1024 suntin
1018 957 1170 1036 Polonia,
1184 959 1285 1027 ualde
1301 957 1403 1024 michi
1420 957 1514 1023 utilis
1527 956 1626 1024 uide-

399 1058 494 1115 retur
510 1049 555 1112 ob
572 1046 690 1129 lingue
705 1067 806 1112 usum
822 1046 866 1112 ad
882 1046 956 1112 illos
973 1045 1006 1111 in
1025 1046 1137 1112 officio
1153 1048 1360 1126 retinendos,
1378 1058 1412 1114 et
1433 1047 1624 1132 agendum,

398 1137 454 1203 uel
476 1157 554 1201 cum
575 1155 692 1201 eorum
713 1134 910 1221 propinquis
931 1136 987 1201 uel
1007 1155 1086 1200 cum
1107 1135 1181 1220 alijs
1201 1135 1384 1214 nobilibuS,
1407 1135 1464 1218 qui
1489 1137 1626 1202 Braun-

397 1246 556 1310 spergam
573 1225 751 1292 crebroex
769 1223 910 1292 Polonia
934 1222 1086 1291 ueniunt.
1103 1224 1207 1308 Quod
1226 1224 1255 1291 si
1274 1223 1408 1310 collegij
1432 1223 1535 1290 huius
1556 1222 1626 1291 mei

399 1313 628 1381 paternitates
644 1315 787 1381 Vestrae
800 1312 964 1379 rationem
978 1313 1170 1392 habuerint,
1186 1312 1287 1380 michi
1300 1334 1371 1379 rem
1384 1312 1528 1380 fecerint
1549 1313 1626 1378 val-

397 1403 442 1467 de
468 1414 601 1488 gratam
629 1412 663 1469 et
690 1402 810 1486 officijs
836 1401 918 1468 meis
941 1403 1237 1487 compensandam.
1261 1403 1354 1487 Opto
1375 1400 1627 1468 Paternitatem

399 1493 557 1558 Vestram
573 1490 632 1555 diu
655 1491 744 1558 bene
764 1492 890 1569 ualere,
909 1489 1007 1556 cuius
1023 1511 1077 1556 me
1097 1490 1306 1558 orationibus
1326 1489 1509 1576 diligenter
1528 1511 1628 1556 eom-

399 1580 534 1646 mendo.
562 1582 685 1646 Datum
714 1601 757 1644 ex
783 1590 895 1645 castro
921 1599 998 1647 meo
1026 1579 1628 1665 Heilspergh,diexxv1111Augu-

399 1667 443 1733 sti
460 1689 497 1734 ιι.
517 1691 552 1735 n.
572 1689 653 1735 nxv.
674 1670 714 1734 R.
735 1669 774 1734 P.
795 1669 838 1734 V.
859 1668 962 1735 frater
978 1667 1012 1733 in
1028 1668 1179 1748 Christo,

708 1757 948 1835 Srnursnnus
974 1777 1189 1824 chrumnus
1215 1775 1444 1824 vnnnmusrs.

467 1843 680 1929 Inscriptio'
666 1867 705 1909 m
721 1851 847 1930 quarta
865 1847 1017 1931 pagina·
1033 1846 1119 1912 Rdo.
1141 1844 1245 1927 Patri,
1264 1843 1401 1910 dommo
1412 1843 1538 1932 Joannr
1557 1846 1630 1910 Po-

401 1932 513 2012 lancO,
532 1953 648 2000 sacrae
669 1933 877 2034 theologiae
881 1933 1023 2012 doctori,
1041 1945 1076 2001 et
1095 1933 1309 2021 SocietatisJ
1313 1955 1374 2001 esu
1394 1931 1627 2034 can[cellariol

399 2019 436 2085 in
457 1983 594 2088 Cliristo
621 2021 719 2088 nobis
746 2015 961 2102 honorando,
985 2025 1124 2090 Romae.
1150 2023 1231 2088 Atta
1250 2043 1374 2088 manu:
1395 2021 1622 2108 Helisperga.

400 2110 482 2176 Car.
504 2132 579 2176 var.
604 2128 647 2198 29
662 2111 829 2198 Augusti.
861 2112 1048 2197 Vestigium
1065 2112 1189 2198 sigilli.

976 2324 1049 2390 LIII

805 2447 839 2501 B.
860 2445 1012 2502 PETRUS
1031 2445 1218 2504 CANISIUS

612 2572 807 2621 SANCTO
841 2573 1130 2621 FRANCISCO
1164 2573 1222 2621 DE
1257 2573 1413 2636 BORJA

692 2675 903 2763 Mogontiae,
928 2678 966 2742 16
982 2676 1185 2744 Novembris
1206 2677 1287 2761 1565
1308 2679 1328 2743 ¹.

651 2797 794 2854 Natalem
816 2801 857 2854 ad
882 2798 1083 2855 Germaniam
1105 2800 1188 2854 mitti
1209 2801 1371 2856 desiderat.

470 2905 696 2984 ...Cardinali,
719 2907 825 2974 semel
844 2917 879 2972 et
900 2904 1022 2973 iterum
1043 2905 1239 2992 postulanti,
1262 2909 1351 2973 hane
1378 2906 1516 2991 promisi
1542 2930 1631 2995 ope-

400 3017 484 3078 ram,
503 3008 540 3059 vt
556 2995 789 3062 Reverendam
809 2993 1049 3062 paternitatem
1066 2997 1174 3061 Tuam
1192 2996 1408 3062 admonerem
1428 2997 1473 3063 de
1490 2997 1531 3064 P.
1554 2999 1630 3064 Na·

399 3085 466 3151 tale
482 3083 649 3150 mittendo
666 3084 709 3149 ad
729 3083 881 3168 proxima
901 3083 1050 3165 comitia,
1074 3082 1131 3149 vbi
1152 3105 1221 3151 non
1241 3084 1351 3150 solum
1371 3084 1428 3151 ille
1447 3085 1630 3167 cardinali,

362 3243 371 3265 .
400 3171 637 3240 verumetiam
653 3171 833 3239 vniuersae
847 3172 1052 3240 Germaniae
1068 3171 1249 3258 plurimum
1270 3174 1429 3258 prodesse
1449 3195 1554 3260 posse
1576 3174 1633 3240 vi·

400 3263 580 3329 deretur...

977 3474 1053 3540 LIV

736 3623 1066 3682 STANISLAUS
1095 3623 1285 3683 HOSIUS

841 3739 996 3795 cardinalis
1009 3741 1183 3796 narmiensis

757 3876 862 3924 earm
887 3876 1016 3939 Jonnru
1038 3877 1086 3925 oe
1107 3878 1271 3927 rornuco

682 3989 918 4076 Heilsbergae,
942 4008 980 4072 17
996 3991 1197 4059 Decembris
1218 3993 1298 4077 1565
1316 3994 1340 4059 ¹.

399 4125 525 4178 Patrem
549 4124 751 4178 Hostovr'aum
769 4127 828 4194 pro
846 4123 972 4196 collegio
991 4124 1225 4198 Braunsbergae
1243 4126 1301 4181 siti
1316 4128 1436 4184 comedi
1453 4127 1634 4203 efflagitat.

468 4241 553 4308 Rde.
574 4241 677 4306 Pater
692 4238 727 4304 in
743 4237 893 4321 Christo,
911 4239 1010 4306 nobis
1030 4240 1225 4326 charissime
1245 4253 1280 4311 et
1299 4245 1512 4326 honorande,
1535 4249 1639 4316 salu·

454 4471 462 4502 ¹
501 4472 546 4526 Ex
560 4469 754 4542 archetypo
745 4486 776 4552 ιιι
747 4469 886 4596 ιιιΙὲζίιι.
904 4469 1034 4542 canisii,
1047 4472 1072 4536 1,
1090 4472 1139 4542 158
1152 4471 1227 4544 (302
1241 4472 1315 4542 303).

454 4543 547 4598 Ex
563 4542 685 4612 archety
839 4542 860 4596 d
897 4542 942 4612 38,
960 4513 1072 4615 duplici
1087 4543 1151 4612 iol,
1173 4557 1224 4615 129
1241 4549 1309 4615 (ιφ).
1331 4545 1405 4602 Vide
1418 4548 1514 4626 epist.
1523 4548 1581 4620 343
1605 4561 1639 4608 et

401 4612 540 4686 append„
554 4612 635 4668 XLV
648 4619 679 4666 et
717 4556 757 4668 1’1.
