3666 5384
806 432 874 490 Ῐ557
955 455 962 464 “
1417 432 1449 488 51

216 593 326 640 nasse
339 572 557 643 Societatem.
577 574 645 641 Hic
660 584 734 641 erat
749 572 883 640 animus
896 572 994 639 Pauli
1010 570 1058 654 41
1076 570 1137 639 99
1153 591 1236 657 erga
1252 592 1327 652 noS,
1351 580 1386 640 et
1402 581 1454 637 ta-

218 709 305 755 men
325 687 363 754 in
382 688 497 774 precio
523 690 672 758 habebat
698 711 832 776 semper
858 690 896 756 P.
922 689 1085 774 Laynem:
1116 684 1292 754 Bobadilla
1315 685 1454 771 quidem

219 803 339 870 fuerat
353 804 401 870 illi
417 804 600 872 familiaris.
620 807 670 872 Ita
685 826 740 872 res
755 813 828 872 erat
849 824 955 888 quum
976 813 1094 870 exorta
1111 801 1176 868 tuit
1198 801 1256 868 illa
1272 811 1456 887 tempestas

222 919 341 1004 Pontij
359 931 395 987 et
411 919 621 988 Bobadillae.

179 1114 188 1120 ⁸
292 1037 414 1103 Errore
435 1039 564 1104 tactum
584 1037 696 1106 suerat
715 1039 770 1105 vel
790 1057 872 1104 casu
893 1047 931 1101 vt
950 1035 1107 1104 venirent
1130 1037 1273 1102 Romam
1292 1033 1390 1118 quasi
1412 1033 1453 1100 ad

218 1149 425 1218 electionem
440 1152 571 1238 aliquot
586 1155 720 1222 Patres:
738 1161 937 1238 receperant
949 1150 1079 1218 scilicet
1094 1149 1221 1237 primas
1231 1149 1359 1230 literas,
1377 1147 1454 1234 qui-

219 1266 288 1333 bus
304 1267 517 1334 vocabantur
531 1269 575 1336 ad
590 1268 908 1355 congregationem,
924 1289 994 1333 non
1007 1283 1089 1347 2³⁸,
1105 1265 1230 1352 quibus
1243 1265 1453 1332 reuocaban-

218 1383 478 1450 tur.Venerunt
489 1381 597 1469 igitur
608 1385 752 1451 Romam
765 1385 805 1450 Ρ.
816 1383 1016 1451 Leonardus
1028 1392 1064 1449 et
1076 1380 1251 1448 Adrianus
1263 1401 1306 1448 ex
1325 1379 1332 1468 Ι
1351 1379 1454 1446 Flan-

217 1496 306 1563 dria:
324 1520 368 1566 ex
383 1498 569 1566 Germania
586 1500 626 1564 P.
645 1497 817 1579 CanisiuS,
833 1497 984 1566 Lanoius
999 1509 1034 1566 et
1054 1496 1256 1564 Gaudanus:
1277 1517 1322 1564 ex
1342 1493 1454 1564 Gallia

220 1615 263 1679 P.
284 1613 502 1682 Paschasius:
521 1637 564 1683 ex
580 1615 676 1682 Italia
689 1618 728 1682 P.
749 1613 937 1695 Bobadilla,
955 1614 1073 1683 Simon
1089 1624 1124 1680 et
1144 1612 1256 1680 Viola:
1280 1633 1322 1679 ex
1339 1609 1454 1681 Sicilia

220 1730 261 1795 Ρ.
282 1731 502 1798 Domenecus
517 1741 552 1799 et
568 1729 748 1813 Vinchius;
771 1742 806 1800 et
826 1730 862 1795 hi
882 1729 1020 1815 quidem
1041 1751 1160 1799 omnes
1176 1728 1332 1815 prolessi:
1355 1736 1452 1794 erant

220 1845 353 1912 Romae
368 1846 514 1932 professi
532 1867 564 1932 3,
584 1849 623 1914 P.
640 1848 788 1933 LayneS,
814 1848 984 1913 Polancus
1004 1857 1039 1913 et
1059 1845 1202 1927 Natalis;
1225 1854 1297 1910 erat
1320 1844 1358 1908 Ρ.
1379 1843 1452 1911 Sal-

218 1983 343 2030 meron
361 1961 396 2026 in
412 1962 573 2030 Flandria
588 1983 668 2028 cum
686 1963 814 2048 legato.

289 2077 513 2162 Complutum
525 2088 752 2164 peruenerant
765 2076 903 2144 lusitani
917 2079 1049 2158 Patres,
1063 2089 1101 2142 vt
1113 2075 1212 2143 facile
1221 2073 1341 2141 luisset
1352 2073 1453 2162 legit-

218 2193 339 2258 timam
355 2189 448 2260 coire
469 2191 783 2279 congregationem,
806 2190 872 2260 nisi
893 2190 955 2258 2‚is
976 2191 1083 2258 literis
1104 2194 1224 2258 Patres
1240 2188 1385 2256 luissent
1400 2188 1453 2256 in-

217 2307 401 2393 terpellati,
419 2330 499 2374 nam
515 2306 651 2393 hispani
666 2308 721 2392 alij
739 2331 809 2375 non
825 2318 922 2374 erant
934 2305 1082 2373 venturi.

286 2423 440 2508 lncoepit
459 2422 527 2490 iam
547 2423 694 2509 primum
716 2443 819 2510 aegre
847 2423 936 2491 serre
964 2422 1152 2503 Bobadilla,
1177 2423 1244 2489 99
1268 2421 1453 2509 gubernari

215 2537 428 2608 Societatem
444 2560 504 2624 per
516 2538 692 2618 vicarium,
707 2537 887 2626 indignum
900 2521 1058 2606 essenon
1069 2559 1130 2624 per
1141 2537 1269 2623 primos
1281 2538 1454 2623 professos

217 2664 255 2720 et
271 2652 385 2720 socios
398 2653 526 2740 primos
542 2656 582 2720 Ρ.
602 2654 738 2741 Ignatij,
757 2675 818 2739 per
839 2675 910 2735 ene,
933 2653 992 2739 qui
1009 2654 1045 2720 in
1065 2639 1321 2720 confirmatione
1342 2650 1453 2719 nomi-

216 2780 398 2850 narentur,
417 2769 493 2836 illos
504 2791 574 2836 non
585 2771 710 2838 debere
722 2769 758 2834 in
770 2770 1019 2857 gubernatione
1042 2766 1226 2848 contemni,
1240 2767 1299 2851 qui
1318 2768 1453 2834 fuerant

216 2884 255 2950 in
271 2883 474 2952 fundatione
486 2884 669 2954 Societatis
685 2885 767 2970 socij
788 2888 810 2951 ¹.

288 3001 387 3068 Haec
395 3003 522 3086 agebat
541 2999 547 3090 Ι
568 3000 714 3087 primum
727 3001 818 3068 domi
825 3001 965 3068 liberius
974 2999 1276 3084 Bobadilla,atque
1284 3000 1369 3066 adeo
1377 3007 1451 3064 tur-

213 3116 379 3184 bulenter
394 3125 429 3182 et
444 3115 605 3183 seditiose
621 3116 764 3182 abduxit
780 3115 816 3181 in
832 3137 929 3183 suam
942 3116 1146 3185 sententiam
1159 3134 1181 3198 4
1193 3114 1375 3208 professos:
1394 3111 1451 3181 Si-

213 3253 368 3310 monem,
388 3231 624 3314 Paschasium,
643 3231 778 3299 Violam
794 3243 828 3299 et
845 3231 1047 3300 Adrianum.
1068 3230 1292 3299 Paschasium
1312 3237 1452 3315 propter

213 3347 294 3414 eius
310 3344 574 3432 simplicitatem,
589 3369 669 3414 nam
684 3346 741 3413 hic
759 3347 823 3413 fuit
839 3367 972 3433 semper
985 3347 1179 3433 inculpatae
1191 3344 1295 3426 vitae,
1309 3344 1463 3430 ignarus*
1543 3345 1547 3352 '

215 3475 337 3530 tamen
353 3461 648 3529 constitutionum.
667 3461 786 3532 Simon
799 3463 898 3531 facile
914 3463 1084 3530 abductus
1096 3461 1258 3542 creditur,
1273 3460 1330 3528 vel
1341 3481 1402 3545 per
1413 3481 1452 3527 se

214 3579 312 3645 idem
327 3577 538 3664 concepisse,
553 3579 645 3663 quod
662 3580 773 3646 adhuc
789 3578 952 3648 retineret
968 3576 1165 3646 memoriam
1181 3577 1236 3644 sui
1251 3574 1380 3661 iudicij;
1394 3575 1451 3641 hic

212 3693 311 3762 enim
327 3702 365 3758 vt
380 3705 522 3761 venerat
542 3695 698 3775 Romam,
719 3695 813 3779 quod
829 3695 988 3780 superius
1006 3693 1196 3781 attigimus,
1214 3693 1261 3759 ibi
1283 3694 1323 3759 Ρ.
1347 3693 1450 3780 Igna-

210 3809 287 3876 tius
303 3809 468 3877 censebat
483 3807 675 3876 amnistiam
692 3809 767 3878 fieri
782 3809 1042 3895 praeteritarum
1058 3830 1184 3876 rerum:
1200 3809 1318 3878 Simon
1335 3817 1450 3876 tamen

210 3922 396 3994 contendit
407 3922 571 3989 iudicium
583 3923 768 4006 diceretur,
785 3926 879 4010 quod
899 3925 1031 3992 etiamsi
1048 3926 1148 4011 plane
1163 3923 1337 3992 videretur
1359 3921 1449 3989 indi-

210 4039 422 4129 gnissimum
438 4049 473 4106 et
488 4040 634 4126 exempli
654 4040 810 4126 pessimi,
834 4039 976 4109 indulsit
1003 4041 1056 4108 91
1081 4053 1194 4109 tamen
1217 4043 1256 4106 P.
1281 4038 1447 4126 Ignatius,

209 4153 444 4242 designatis4
471 4154 653 4236 iudicibus,
685 4158 724 4222 P.
756 4158 919 4238 Polanco,
943 4156 1081 4237 Olauio,
1112 4157 1229 4224 Miona
1256 4166 1291 4223 et
1308 4154 1446 4234 Pontio,

209 4293 304 4357 quos
318 4291 390 4336 non
405 4269 598 4356 repudiauit
618 4270 750 4354 Simon,
773 4271 945 4339 actoribus
972 4275 1013 4339 P.
1039 4271 1220 4340 Ludouico
1247 4271 1402 4358 Goncalo
1413 4280 1449 4337 et

207 4384 392 4454 Camerio:
422 4396 499 4452 acta
526 4406 631 4452 causa
658 4395 723 4467 est,
742 4396 886 4474 rogante
908 4390 948 4453 P.
975 4387 1121 4475 Ignatio,
1139 4398 1176 4452 vt
1193 4385 1222 4453 si
1244 4389 1340 4454 locus
1356 4397 1447 4454 esset

210 4499 363 4590 gratiae,
381 4499 496 4586 potius
512 4501 668 4569 fauerent
684 4501 815 4570 Simoni
831 4501 961 4571 iudices
977 4524 1079 4588 quam
1095 4502 1280 4584 actoribus3
1295 4499 1447 4572 omnium

273 4632 284 4664 ¹
321 4631 517 4704 Succuruus,
531 4635 591 4690 loc.
608 4633 672 4704 cit,
686 4653 715 4690 n.
729 4646 775 4704 74.
