3504 5386
585 495 637 558 Ικ)
654 481 842 587 ¹Novnnnnts
864 478 932 549 1563
1325 480 1378 551 465
1489 451 1494 464 ⁸

156 635 218 701 DJ
235 633 394 700 Emundo
412 636 420 666 ¹
439 635 492 700 col
509 636 549 701 Ρ.
568 633 727 701 Couiilon
743 655 811 700 non
827 655 908 720 pare
924 634 1000 701 aN.
1017 635 1058 729 Ρ.
1073 656 1134 720 per
1145 636 1176 702 le
1189 632 1322 721 regioni
1333 633 1378 700 da

155 749 198 816 lui
212 746 344 817 scritte.
364 747 464 816 Circa
479 749 502 814 li
519 749 689 816 fundatori
710 749 744 815 lo
763 747 973 815 accommodi
989 769 1087 816 como
1106 748 1130 814 li
1145 753 1265 836 parere
1280 769 1375 816 esser

154 863 177 929 il
190 866 331 945 dooere,
350 863 384 929 in
402 866 502 931 modo
517 867 582 932 che
598 864 622 931 li
635 863 773 951 collegii
789 863 871 931 noui
885 885 955 931 non
970 863 1066 932 siano
1082 865 1223 952 obligati
1236 887 1256 932 a
1271 864 1330 950 piri
1341 865 1376 930 di

155 979 268 1066 quello
282 982 347 1047 che
362 990 478 1046 nostre
493 978 731 1047 constitutioni
747 977 931 1046 ricercano.

219 1113 252 1160 2.
301 1095 347 1162 Se
363 1095 407 1161 V.
427 1096 467 1162 R.
486 1098 585 1181 potrssa
601 1093 737 1162 riueder
751 1095 784 1163 ei
805 1093 1035 1162 cathechismo
1056 1096 1111 1163 del
1128 1097 1169 1162 Ρ.
1192 1095 1332 1163 Canisio
1348 1097 1373 1176 ²,

154 1209 195 1276 N.
216 1212 256 1277 P.
275 1208 452 1277 haueriaa
471 1209 616 1294 piacere:
641 1209 778 1295 quando
799 1231 868 1276 non
888 1231 1000 1296 possa,
1018 1208 1041 1274 li
1061 1231 1143 1295 pare
1162 1209 1191 1277 si
1211 1211 1376 1297 potrebbe

152 1322 324 1394 rimettere
339 1346 360 1391 a
375 1345 464 1406 ess0‚
482 1327 607 1411 perche
623 1323 819 1411 bisognaria
834 1346 914 1392 usar
930 1325 1031 1393 fretta
1043 1327 1098 1393 nel
1110 1337 1259 1413 stampar
1274 1326 1297 1392 il
1312 1348 1376 1393 suo

151 1439 392 1522 cathechismo,
410 1442 537 1527 perche
551 1439 580 1507 si
596 1441 698 1509 crede
713 1441 779 1509 che
793 1440 850 1509 del
865 1440 1010 1507 concilio
1026 1463 1069 1508 ne
1085 1441 1197 1508 uscire
1214 1465 1260 1509 un
1276 1443 1374 1524 altro,

147 1566 182 1622 et
196 1555 287 1625 seria
303 1556 535 1626 conueniente
554 1557 586 1623 el
608 1556 779 1643 preuenir.
804 1557 1040 1642 Quantunque
1061 1559 1093 1625 el
1117 1561 1157 1625 P.
1182 1561 1227 1626 D.
1252 1559 1373 1644 Luys³

150 1677 289 1752 testard,
307 1693 377 1738 non
393 1673 476 1758 perd
491 1672 618 1740 andare
638 1694 658 1738 a
678 1670 819 1758 Diiinga
838 1693 898 1758 per
919 1693 989 1738 non
1009 1671 1190 1741 inclinarse
1206 1674 1238 1741 el
1254 1674 1375 1741 aGcr·

151 1787 275 1868 mania,
298 1797 333 1855 et
354 1788 425 1854 cosi
446 1791 581 1855 tornare
601 1810 621 1854 a
642 1789 759 1854 Roma.
789 1789 842 1853 De
870 1789 978 1855 Romo
1001 1787 1067 1868 ⁴,1i
1095 1806 1137 1872 23
1158 1789 1201 1857 de
1221 1791 1374 1856 Nouem·
1494 1775 1497 1782 ’
1586 1770 1591 1784 ’

150 1903 208 1969 bre
230 1905 326 1986 1563.

716 2123 806 2186 88!

501 2259 535 2313 P.
556 2257 737 2330 JOANNES
755 2260 808 2313 DE
827 2256 1018 2316 POLANCO

631 2400 668 2437 ex
686 2383 894 2438 commissione

341 2509 527 2576 PATRI
561 2509 934 2576 HIERONYMO
970 2509 1180 2576 NADAL

475 2662 636 2720 rnmnn'n,
665 2663 700 2720 29
728 2661 907 2706 novennms
938 2649 1006 2719 1563
1026 2653 1047 2705 ³.

144 2759 176 2820 ι.
184 2765 248 2821 Iter
261 2764 385 2820 Natalis
401 2765 592 2830 Tridentum,
599 2769 656 2837 per
669 2765 893 2838 ingolstadium
906 2771 934 2820 et
942 2765 1150 2820 Monochium:
1155 2767 1247 2838 pestis
1263 2765 1371 2820 Vindo·

123 2935 129 2948 ·
197 2855 400 2934 domest-4.
419 2853 477 2910 Res
492 2853 615 2929 collegii
631 2855 855 2927 &lingon-5.
873 2854 986 2910 Montio
1004 2855 1159 2911 Societatis
1169 2853 1318 2927 facienda
1336 2855 1370 2908 in

197 2945 320 3014 synodo.

216 3080 243 3128 1.
295 3063 368 3127 Pax
384 3060 463 3148 Xpi.
482 3059 660 3128 Riceuette
676 3061 721 3127 N.
740 3061 777 3126 Ρ.
796 3061 908 3143 quella
924 3061 967 3127 de
984 3062 1028 3130 V.
1047 3062 1087 3127 R.
1107 3061 1150 3128 de
1170 3079 1209 3148 19
1221 3059 1276 3127 del
1292 3081 1369 3145 prc-

143 3188 240 3243 sente
260 3178 287 3258 ⁶,
310 3186 345 3244 et
365 3177 398 3242 la
417 3173 561 3262 risposta
582 3197 619 3242 se
639 3175 791 3242 drizzard
814 3175 848 3241 in
869 3177 999 3260 Ispruc,
1019 3176 1162 3241 iacendo
1181 3185 1283 3241 conto
1304 3177 1368 3243 che

143 3291 184 3358 V.
207 3292 248 3358 R.
272 3291 302 3358 si
327 3293 463 3357 tronard
488 3289 521 3356 di
541 3292 574 3357 lt
594 3290 732 3374 quando
758 3300 878 3375 questa
899 3290 1064 3372 aminare,
1088 3299 1122 3358 et
1143 3293 1252 3360 anche
1274 3291 1368 3358 sarri)

142 3407 261 3486 breue,
285 3407 411 3492 perche
430 3405 550 3473 dubito
570 3408 645 3474 seri
665 3404 699 3470 di
721 3406 753 3472 lt
778 3405 902 3491 partito
923 3428 983 3491 per
1004 3407 1149 3487 Trento,
1171 3407 1321 3473 secondo
1343 3405 1366 3471 il

140 3533 244 3588 conto
260 3519 368 3590 chesi
384 3521 454 3607 pud
475 3522 545 3587 fare
564 3520 644 3586 delli
665 3518 777 3607 giomi
797 3522 861 3588 che
883 3523 926 3589 V.
951 3523 992 3588 R.
1016 3511 1091 3588 dice
1112 3543 1149 3588 sc
1172 3522 1316 3588 fermard
1333 3521 1368 3588 in

142 3636 350 3723 ingolstadio
366 3647 405 3705 et
418 3635 599 3704 Monachio
616 3637 640 3702 ³.
659 3635 708 3736 Lo
723 3645 819 3722 peste
834 3637 877 3703 de
898 3636 1031 3704 Vienna
1051 3637 1167 3703 a'tutti
1188 3636 1219 3702 ci
1240 3638 1284 3704 dd
1298 3638 1367 3704 sol-

196 3807 203 3836 ·
241 3804 414 3859 Edmnndus
423 3811 538 3871 scotus,
550 3804 588 3859 de
601 3820 659 3876 quo
672 3803 789 3876 saepius
803 3804 833 3859 in
846 3805 1047 3877 superioribus
1060 3805 1181 3861 litteris.

194 3897 206 3928 ’
243 3893 320 3948 Vide
333 3893 424 3965 epist.
442 3889 505 3962 232,
519 3903 551 3947 n‘.
574 3905 603 3950 2.

193 3985 204 4016 ⁵
241 3983 278 4038 P.
296 3982 464 4037 Ludovicus
477 3981 515 4036 de
529 3982 683 4038 Mendoza.

192 4074 204 4105 ⁴
240 4071 302 4142 Sic,
325 4088 423 4126 errore
440 4070 562 4141 librarii,
583 4071 633 4145 qui
650 4089 717 4126 cum
736 4072 765 4126 in
787 4078 886 4126 mente
910 4072 1032 4126 haberet
1054 4086 1157 4126 vocem
1181 4071 1288 4136 Roma,
1309 4089 1368 4144 qua

135 4159 247 4216 desinit
259 4161 395 4234 epistola,
409 4161 503 4216 Romo
516 4160 634 4233 scripsit
646 4177 698 4232 pro
717 4161 839 4217 Trento.

190 4243 217 4284 ⁵'
238 4251 282 4305 Ex
294 4251 436 4321 Regesto,
451 4248 527 4306 Cod.
546 4250 637 4320 33'd),
651 4249 705 4304 iol.
722 4247 784 4320 379.
796 4249 830 4304 ln
845 4248 985 4320 margine:
1001 4249 1040 4304 P.
1054 4249 1163 4305 Natat.

188 4337 202 4371 ⁸
237 4338 284 4394 Ad
298 4355 351 4394 nos
363 4339 436 4393 haec
449 4339 574 4410 epistola
587 4337 707 4393 minime
720 4338 867 4410 pervenit.
886 4338 962 4393 Vide
975 4337 1066 4410 epist.
1084 4337 1151 4394 328.

190 4431 201 4461 ⁷
238 4426 351 4483 Natalis
364 4427 502 4498 Dilingae
519 4443 578 4482 uno
592 4444 694 4482 mense
712 4434 846 4482 versatus
863 4435 921 4498 est,
939 4433 972 4481 nt
989 4427 1054 4499 ipse
1075 4426 1156 4482 Patri
1170 4427 1266 4482 Araoz
1279 4425 1328 4482 die
1350 4439 1362 4481 1

135 4516 290 4572 Februarii
305 4515 372 4586 1564
390 4515 521 4588 scripsit.
542 4515 629 4572 Unde
645 4515 723 4571 circa
740 4515 819 4570 diem
836 4527 867 4569 21
889 4514 1065 4571 Novembris
1083 4515 1296 4587 Iogolstodium
1315 4532 1366 4588 pe·

136 4605 223 4660 tiisse
234 4607 358 4662 eruitur.
374 4605 548 4660 Tridentum
562 4613 660 4660 antem
671 4604 718 4660 die
730 4604 841 4659 tertiae
850 4603 964 4677 synodo
973 4605 1108 4661 absoluto
1121 4605 1268 4678 pervenit,
1279 4611 1367 4676 prout

137 4695 220 4750 idem
232 4695 261 4751 in
274 4694 378 4751 eadem
390 4695 515 4768 epistola
527 4694 614 4750 dixit.
