3464 5386
566 475 599 532 18
617 474 817 534 seminans
840 473 909 545 1563
1293 475 1347 546 385
1410 517 1415 528 .

122 628 238 715 capaci
253 627 274 697 li
290 627 451 710 auditori,
468 637 503 696 et
519 627 552 698 al
568 626 626 712 piri
642 624 826 713 bisogneri
845 628 1006 698 mandare
1027 648 1073 694 un
1093 628 1179 695 altro
1198 636 1346 698 maestro

122 747 230 814 anche
245 745 287 810 de
303 741 491 823 humanitit,
509 764 530 810 o
545 763 606 830 per
621 741 653 808 la
669 740 776 828 primu
791 743 900 810 classe
914 743 958 812 de
974 741 1207 830 grammatica,
1221 743 1346 829 perche

125 860 159 926 in
179 870 266 928 tutte
286 859 319 928 le
339 856 439 924 classi
459 856 609 926 inferiori
631 857 661 924 si
680 857 899 925 riteneranno
925 857 949 924 li
976 857 1114 928 maestri
1133 859 1198 924 che
1222 855 1256 924 ui
1282 879 1346 928 son

126 974 213 1055 stati,
226 973 338 1040 insino
350 995 370 1039 a
383 983 477 1040 tanto
492 976 557 1041 che
573 971 707 1059 piacert
719 973 784 1038 alla
799 971 1025 1059 Compagnia;
1043 971 1077 1039 di
1090 973 1192 1040 modo
1203 974 1267 1040 che
1279 994 1345 1040 con

123 1106 214 1172 405
231 1086 369 1156 maestri
386 1087 414 1158 si
435 1089 624 1174 prouederi
646 1108 707 1174 per
726 1097 847 1171 questa
870 1085 1050 1156 inuemata
1069 1084 1127 1164 alli
1146 1086 1282 1174 bisogni
1302 1088 1347 1155 de

124 1203 271 1290 Dilinga,
289 1213 324 1269 et
340 1205 449 1270 anche
465 1224 536 1274 uno
552 1202 585 1270 di
602 1204 676 1269 loro
692 1204 791 1288 potrh
806 1223 920 1270 essere
935 1212 1061 1270 rettore
1076 1201 1156 1271 delli
1172 1201 1291 1282 nostri,
1309 1223 1347 1272 se

124 1341 188 1386 non
202 1318 231 1388 si
256 1329 411 1386 trouasse
431 1316 637 1385 commodith
657 1318 700 1384 de
720 1317 906 1384 mandarne
927 1338 975 1384 un
998 1318 1097 1399 altro,
1119 1326 1154 1384 et
1174 1339 1233 1402 par
1253 1318 1347 1388 sarrit

121 1454 197 1500 cosa
212 1433 271 1520 piri
287 1453 396 1503 suaue
416 1433 451 1500 in
471 1431 584 1518 questi
605 1430 761 1518 principii
780 1453 849 1504 non
869 1432 920 1498 far
943 1431 1132 1500 mutatione
1153 1430 1346 1502 uniuersale

122 1549 162 1618 de
175 1549 257 1634 ogni
274 1569 367 1628 cosa,
385 1548 479 1618 accio
494 1569 564 1614 non
579 1547 607 1614 si
624 1545 783 1634 spantino
794 1545 818 1612 li
829 1547 975 1615 scholari
987 1546 1076 1627 della
1088 1546 1218 1630 nouitrl3
1236 1557 1272 1614 et
1283 1569 1345 1634 per

82 1697 88 1710 ·
121 1653 237 1748 questo
259 1686 350 1730 anno
375 1663 484 1750 primo
504 1666 634 1730 restari
653 1661 676 1727 il
697 1673 803 1728 rettor
830 1661 964 1741 uechio,
992 1662 1026 1730 el
1045 1663 1126 1747 qual
1148 1663 1297 1730 secondo
1320 1662 1344 1730 li

120 1778 252 1864 capitoli
275 1779 415 1850 doueria
434 1781 538 1848 esser’
551 1779 606 1846 'de
629 1778 728 1861 suora
747 1777 836 1844 della
855 1775 1080 1862 Compagnia.
1104 1779 1247 1845 Restare
1266 1776 1344 1846 dico

123 1914 175 1978 per
192 1905 319 1962 rettore
334 1895 379 1961 de
399 1893 503 1978 quelli
522 1892 557 1959 di
578 1873 649 1962 8.ὶο
670 1892 895 1978 Hieronymo,
913 1902 948 1960 et
964 1895 1074 1960 anche
1093 1895 1191 1978 potr&
1212 1903 1342 1964 restare

121 2029 177 2094 per
192 2020 299 2078 rettor
313 2010 403 2076 della
420 2007 619 2086 uniuersith,
637 2016 829 2098 sottoporto
844 2009 926 2093 pero
942 2008 975 2073 al
989 2005 1165 2092 superiore
1184 2007 1241 2074 del
1260 2028 1342 2074 nos-

123 2135 171 2191 tro
186 2124 332 2212 collegio
347 2123 384 2190 in
400 2132 490 2190 tutto
506 2122 529 2188 il
543 2143 711 2210 gouemo,
730 2132 825 2188 tanto
840 2123 897 2190 del
912 2120 1059 2208 collegio
1070 2123 1114 2188 de
1126 2121 1199 2190 Sto
1216 2119 1342 2193 Hiero-

122 2259 229 2323 nymo,
246 2249 378 2324 quanto
393 2239 482 2306 della
498 2236 697 2318 uniuersith;
712 2247 760 2320 et,
774 2257 812 2304 se
823 2239 943 2322 pareri
954 2236 1157 2323 expediente
1172 2238 1341 2306 retenerlo

120 2357 223 2422 anche
238 2353 298 2440 piu
312 2355 420 2440 longo
436 2365 562 2438 tempo,
581 2373 715 2437 sempre
731 2355 825 2418 serrit
840 2351 874 2417 in
890 2373 993 2418 mano
1008 2352 1097 2418 della
1112 2351 1338 2438 Compagnia,

120 2487 209 2535 come
223 2469 273 2536 lui
288 2486 428 2550 mostra,
445 2479 480 2538 et
494 2490 540 2535 un
551 2467 586 2534 di
599 2468 689 2534 forse
701 2469 800 2552 potui
817 2466 943 2534 intrare
959 2465 993 2532 in
1014 2467 1140 2550 quella,
1162 2468 1288 2552 perche
1311 2465 1340 2534 si

121 2593 240 2652 nostra
256 2586 345 2650 bona
362 2579 506 2669 persona
521 2593 556 2650 et
571 2583 777 2650 amoreuole.
797 2581 922 2648 Anche
942 2581 985 2647 de
1007 2591 1103 2648 tener
1123 2597 1245 2666 questo
1266 2601 1339 2648 me-

119 2698 241 2768 desimo
259 2700 315 2766 nel
331 2699 443 2768 officio
457 2699 513 2770 del
527 2708 655 2767 rettore
670 2697 726 2766 del
743 2695 931 2765 uniuersith
951 2697 1041 2763 farri
1064 2698 1127 2764 che
1150 2695 1174 2763 li
1194 2697 1340 2764 scholari
1386 2689 1399 2702 ⁸

120 2813 147 2880 si
161 2815 302 2882 termino
317 2813 377 2901 piri
394 2812 574 2882 uolontieri
589 2811 701 2880 insino
716 2835 736 2880 a
752 2820 847 2880 tanto
862 2814 927 2880 che
944 2809 1075 2897 piglino
1091 2810 1271 2880 afiectione
1281 2811 1339 2878 alli

121 2929 232 2998 nostri.
253 2932 296 2996 Et
312 2952 332 2995 a
347 2940 470 3014 questo
490 2927 678 2996 medesimo
703 2928 806 2995 effeto
826 2925 1027 2994 seruiranno
1050 2925 1073 2991 li
1094 2921 1230 2995 m'aestri
1250 2926 1339 2994 delle

120 3045 211 3112 classi
232 3047 343 3126 basse,
367 3064 464 3110 come
484 3046 529 3110 ho
549 3044 657 3122 detto,
680 3041 819 3111 ritenuti
835 3063 895 3127 per
911 3042 1043 3110 adesso.
1063 3043 1190 3110 Nostro
1214 3040 1335 3123 Padre‚

117 3159 260 3244 dunque,
280 3158 540 3226 ricommandaa
556 3160 600 3226 V.
619 3160 660 3225 R.
679 3166 714 3224 et
729 3158 761 3225 al
778 3158 818 3223 P.
838 3155 975 3223 Canisio
989 3159 1052 3223 che
1065 3179 1125 3243 per
1138 3156 1161 3222 il
1173 3155 1337 3243 principio

116 3275 156 3339 de
166 3275 357 3344 Settembre
371 3285 418 3356 et,
437 3285 564 3361 quanto
581 3277 687 3360 prima
700 3273 728 3340 si
740 3294 797 3362 po,
812 3273 901 3340 ueda
912 3271 947 3338 di
959 3273 1099 3339 mandar
1111 3272 1143 3338 la
1155 3282 1260 3358 gente
1272 3274 1336 3340 che

117 3389 157 3454 ho
171 3390 274 3472 dett03
293 3401 340 3470 et,
359 3389 540 3458 essendoui
562 3390 595 3456 la
616 3399 712 3474 peste
731 3387 767 3453 in
789 3387 1009 3473 lngolstadio,
1027 3409 1087 3473 par
1101 3385 1200 3456 uiene
1212 3388 1244 3452 al
1256 3409 1336 3472 pro-

119 3502 219 3586 posito
230 3517 342 3572 mutar
357 3503 381 3570 li
397 3504 505 3572 nostri
519 3503 555 3571 di
571 3505 603 3571 lei
619 3503 653 3570 in
665 3502 817 3589 Dilinga‚
832 3513 867 3572 et
880 3513 1058 3570 starranno
1070 3523 1166 3570 come
1178 3500 1332 3588 prestati‚

121 3617 222 3688 insino
233 3643 253 3688 a
265 3630 361 3687 tanto
373 3623 438 3689 che
450 3619 501 3687 sia
512 3631 626 3706 tempo
638 3617 673 3684 di
692 3621 818 3686 tornar'
832 3617 869 3685 in
881 3615 1103 3704 Ingolstadi03
1118 3626 1153 3686 et
1165 3616 1200 3683 in
1213 3628 1334 3702 questo

122 3717 228 3807 mezio
253 3757 424 3805 uerranno
450 3735 474 3802 li
495 3734 570 3803 altri
590 3734 624 3801 di
645 3737 763 3816 Roma3
787 3745 822 3800 et
841 3755 918 3819 pur,
943 3755 981 3800 se
1000 3733 1144 3800 andasse
1164 3743 1259 3818 parte
1278 3732 1335 3802 del

120 3851 257 3939 collegio
272 3855 315 3919 de
331 3849 541 3938 ingolstadio
557 3848 593 3918 in
608 3850 695 3916 altro
710 3850 829 3936 luogo,
847 3848 981 3916 almeno
996 3847 1020 3912 li
1036 3865 1093 3929 40
1115 3862 1133 3931 5
1156 3867 1335 3916 neccessa-

121 3962 156 4030 rii
169 3965 196 4031 si
211 3969 407 4035 doueranno
422 3965 583 4034 mandare
598 3964 633 4031 in
648 3963 800 4050 Dilinga:
814 3972 850 4029 et
862 3961 979 4032 uedasi
992 3984 1030 4031 se
1043 3963 1094 4028 fra
1105 3962 1215 4047 questi
1229 3961 1258 4046 si
1270 3983 1333 4048 po·
1407 4019 1414 4032 .

119 4083 166 4146 tri
184 4083 331 4150 mandar'
354 4081 378 4147 il
399 4083 439 4148 P.
463 4080 622 4149 Oouillon
645 4082 667 4161 ¹,
689 4079 746 4166 gie
766 4081 831 4148 che
850 4101 910 4166 per
929 4079 963 4145 la
982 4087 1077 4166 peste
1098 4099 1167 4146 non
1188 4080 1207 4146 ἐ
1228 4099 1333 4164 expe-

104 4183 223 4262 'diente
239 4198 327 4264 uada
341 4197 377 4263 in
393 4195 613 4282 lngolstadio.
633 4196 805 4282 Potrebbe
825 4197 935 4262 anche
950 4193 1045 4282 Jorje
1066 4193 1194 4272 Pietro‚
1220 4191 1334 4262 sehia-
1356 4203 1359 4210 '

120 4328 211 4390 uone,
229 4313 388 4381 mandato
403 4312 459 4378 col
476 4314 514 4378 P.
536 4309 691 4380 Oliuerio
705 4309 844 4398 esse[re]
866 4332 936 4376 uno
956 4308 1035 4378 delli
1055 4307 1112 4374 doi
1132 4306 1331 4387 humanisti,

118 4439 317 4456 ———-——

169 4500 174 4530 ¹
210 4497 254 4554 De
271 4499 305 4554 P.
322 4499 435 4571 Joanne
453 4497 621 4555 Cuvillonio
639 4497 830 4567 (Couvillon),
848 4470 1062 4568 saepedictum
1075 4503 1121 4550 est
1139 4495 1170 4551 in
1185 4493 1333 4550 Chronico

121 4581 261 4658 Portncr,
273 4596 303 4642 et
315 4587 386 4643 alibi
399 4588 429 4643 in
443 4587 551 4642 nostris
564 4589 788 4643 Monuussnrrs.
808 4587 990 4658 Frequenter
1010 4585 1098 4640 etiam
1114 4583 1208 4655 ipsius
1221 4582 1333 4638 mentio

120 4669 149 4725 fit
162 4673 189 4728 in
201 4673 316 4732 canisii
329 4677 520 4750 Epinuzssm
537 4675 572 4732 Ρ.
585 4677 843 4732 emunsnrrorn
855 4674 954 4742 editis.
