3604 5380
344 473 379 537 88
770 477 804 532 Ρ.
824 477 965 532 Nnrarrs
983 477 1149 531 Eauaurm.

340 613 475 721 legij'e't
490 630 594 719 aliq'ui
609 628 739 700 reditus
759 628 876 716 empti.
900 628 1054 695 Alteram
1074 649 1169 714 spem
1190 626 1303 696 alebat
1323 624 1473 693 marchio
1494 623 1575 692 Vil-

342 751 452 817 lenae.
471 745 630 827 visitani,
651 755 719 814 etc.
743 743 877 812 Placuit
896 743 989 829 quod
1008 741 1202 810 instituerat
1220 734 1418 822 Siuillanus,
1435 751 1474 806 vt
1489 735 1573 826 por-⁶

345 864 500 932 tionistas
514 861 657 930 haberet
671 860 708 927 in
723 859 875 946 proxima
889 860 995 926 domo
1010 860 1172 925 sacerdos
1186 857 1324 943 quidam
1340 855 1416 943 pius
1431 865 1466 924 et
1481 852 1571 922 ami-

342 1001 418 1062 cus,
435 977 494 1064 qui
508 999 547 1045 se
562 976 772 1064 permitteret
788 997 808 1042 a
822 985 955 1043 rectore
966 973 1152 1061 gubernari
1171 977 1193 1040 ¹.

410 1209 489 1276 m
824 1205 1095 1285 curacurasa‘

412 1439 480 1509 Hic
500 1438 559 1526 egi
578 1458 658 1505 cum
677 1441 723 1505 D.
747 1439 901 1524 Vergara
922 1436 966 1502 de
986 1436 1098 1503 edicto
1124 1435 1220 1524 regio
1235 1448 1282 1518 et,
1304 1447 1386 1503 etc:
1413 1433 1569 1522 probauit

346 1578 460 1625 meum
475 1543 666 1622 consilium.
686 1554 767 1621 Non
778 1551 873 1638 potui
881 1551 937 1642 'illi
952 1551 1148 1619 satisfacere
1162 1552 1199 1618 in
1210 1549 1396 1638 suffragijs,
1409 1571 1498 1636 quae
1507 1571 1570 1637 pe-

348 1673 441 1739 tebat
454 1680 490 1735 vt
503 1670 675 1751 fundator,
688 1668 782 1754 quod
792 1678 910 1755 postea
923 1666 990 1735 feci
1005 1667 1189 1753 Compluti.
1205 1669 1333 1734 Actum
1345 1675 1397 1734 est
1412 1667 1456 1732 de
1469 1681 1569 1752 prae·

345 1779 581 1852 stimoniorum
597 1781 834 1870 applicatione.
849 1781 1022 1869 Scriptum
1035 1793 1087 1850 est
1103 1783 1147 1849 ad
1162 1784 1291 1851 vrbem.
1307 1779 1418 1849 Diuisi
1431 1791 1568 1848 nostros

348 1904 391 1968 ab
406 1900 482 1968 eius
501 1898 722 1966 habitatione.
746 1897 813 1986 Egi
834 1919 923 1984 quae
943 1909 1040 1968 erant
1060 1898 1196 1966 residua
1215 1899 1259 1966 de
1275 1896 1478 1966 fundatione
1488 1917 1565 1964 cum

347 2015 533 2084 Marchina:
554 2013 562 2104 Ι
581 2015 625 2083 de
636 2014 712 2081 loco
722 2024 759 2082 et
770 2013 901 2110 ratione
912 2013 1054 2099 aedificij
1068 2012 1202 2099 collegij
1216 2024 1251 2082 et
1262 2011 1442 2097 lite‚quam
1454 2011 1567 2080 inten-

345 2133 442 2200 derat
457 2129 632 2198 Marianus
646 2127 796 2216 quidam.
811 2127 875 2195 Fui
890 2139 1055 2195 euocatus
1071 2149 1149 2195 curn
1167 2127 1393 2211 festinatione,
1408 2129 1499 2212 quod
1515 2127 1567 2194 di-

345 2247 512 2314 cebantur
528 2259 653 2332 urgete
668 2254 834 2330 satrapae.

346 2511 351 2520 ·
403 2475 499 2544 aas
591 2481 593 2486 ’
831 2479 1094 2558 courrur1‚4.⁰

415 2709 569 2777 Aderant
584 2706 810 2794 prouinciales
825 2716 860 2776 et
875 2706 931 2791 alij
954 2708 1086 2774 Patres:
1112 2729 1182 2774 non
1198 2718 1339 2777 venerat
1358 2707 1569 2774 Valdaraua-

348 2844 425 2890 nus.
444 2825 523 2890 Non
542 2821 653 2890 visum
673 2829 726 2910 est
741 2823 926 2888 mutandus
941 2822 1119 2890 Cordeses.
1136 2821 1269 2890 Mutaui
1282 2821 1567 2903 Bustamantium,

348 2935 542 3005 renuntiaui
559 2937 709 3022 Placam,
727 2935 1000 3003 Bustamarrtium
1016 2958 1136 3005 verum
1151 2938 1487 3023 superintendentem
1498 2938 1569 3005 col·

348 3052 429 3139 legij
451 3049 668 3137 hispalensis:
689 3048 748 3138 egi
766 3051 810 3118 de
829 3051 933 3118 rebus
953 3049 1087 3118 illarum
1107 3050 1374 3137 prouinciarum:
1398 3051 1569 3138 respondi:

346 3167 426 3235 dedi
441 3165 622 3236 iudicanda
636 3175 670 3233 et
686 3163 951 3252 prouincialibus
966 3175 1001 3234 et
1016 3165 1165 3234 Araozio
1177 3177 1212 3234 et
1223 3165 1470 3246 Bustamantio‚
1483 3187 1574 3252 quae

349 3283 384 3348 in
399 3279 613 3368 Portugallia
630 3279 638 3368 Ι
656 3281 898 3372 responderam
914 3282 939 3348 ¹.

347 3441 350 3446 -
416 3397 650 3464 Euocaueram
664 3416 709 3462 ex
726 3395 937 3482 Portugallia
957 3393 998 3463 P.
1020 3395 1209 3479 Godinum‚
1225 3418 1287 3483 per
1306 3418 1407 3484 quern
1428 3398 1574 3465 facerem

352 3515 391 3579 P.
410 3512 568 3597 -Laynem
588 3509 768 3580 certiorem
792 3511 836 3578 de
856 3533 970 3580 rerum
994 3521 1188 3578 nostrarum
1208 3511 1267 3578 illo
1288 3511 1440 3595 turbine;
1461 3533 1575 3598 neque

348 3624 438 3692 enim
451 3625 592 3694 fiderem
601 3625 699 3693 aliter
711 3635 786 3691 tuto
797 3625 913 3693 literas
925 3625 1070 3695 mittere.
1084 3627 1185 3711 Quae
1197 3648 1267 3694 non
1278 3627 1416 3714 proprie
1427 3629 1471 3694 ad
1482 3626 1573 3694 illam

348 3739 560 3828 prouinciam
577 3739 780 3821 attinebant,
799 3760 917 3809 eorum
929 3739 1008 3808 dedi
1022 3739 1289 3828 prouincialibus
1300 3743 1504 3830 exemplum.

416 3853 545 3942 Scripsi
568 3875 768 3923 communes
797 3854 912 3923 literas
936 3856 979 3922 ad
1002 3855 1157 3942 collegia.
1182 3857 1233 3923 Ita
1256 3855 1367 3924 dimisi
1391 3857 1479 3924 duos
1499 3857 1575 3923 illos

348 3969 587 4066 prouinciales,
600 3990 644 4036 ex
655 3967 780 4056 quibus
791 3969 908 4037 audiui
920 3970 1003 4057 quid
1014 3967 1081 4063 [de]
1092 3971 1146 4057 alij
1150 3994 1166 4037 s
1176 3970 1442 4059 prouincialibus
1454 3988 1575 4039 crean-

348 4071 402 4181 dis
419 4096 454 4154 et
469 4083 703 4170 commissario
719 4083 920 4154 iudicarent.

348 4281 352 4288 .
416 4204 548 4278 Rursus
563 4200 668 4283 volui,
685 4199 818 4269 etiamsi
834 4222 1026 4289 repugnare
1046 4202 1220 4272 videretur
1242 4200 1421 4283 Araozius,
1438 4201 1577 4270 visitare

349 4315 496 4402 collegia
508 4315 679 4385 Castellae
693 4314 830 4382 veteris.
844 4315 937 4383 Duxi
954 4337 1087 4384 mecum
1100 4319 1141 4384 Ρ.
1156 4319 1312 4399 Suarem,
1327 4338 1429 4402 quern
1443 4317 1578 4405 cogita

349 4433 428 4496 bam
446 4427 644 4497 renuntiare
660 4428 920 4517 prouincialem,
938 4441 1004 4498 etc.

405 4590 414 4622 ¹
453 4588 649 4662 Saccumum,
663 4591 719 4644 loc.
733 4590 798 4662 cit„
813 4609 841 4646 n.
856 4605 901 4660 49.

403 4681 415 4711 ¹
454 4675 650 4749 Saeculum,
664 4679 722 4732 loc.
741 4677 810 4750 cit.,
825 4697 853 4734 n.
869 4692 913 4747 50.
