3544 5390
376 445 429 515 604
512 399 519 409 1
652 501 660 518 ,
838 441 941 496 Elusa.
961 440 998 494 Ρ.
1022 439 1135 496 Nauae

377 596 509 676 Natale,
528 594 741 696 esponendo
737 594 810 659 loro
827 591 895 658 mio
907 591 1066 676 scrupulo
1082 592 1125 659 de
1137 593 1356 676 conscientia,
1370 605 1406 663 et
1420 595 1585 676 declaran-

376 687 420 752 do
436 685 683 753 sinceramente
699 681 766 748 mio
781 681 907 762 animo,
921 681 1000 764 qual
1013 702 1068 749 me
1080 682 1177 748 basta
1188 704 1254 749 con
1266 685 1298 750 la
1311 684 1420 770 gratia
1432 685 1486 753 del
1495 684 1586 751 onni-

377 784 516 861 potente
531 773 599 840 Dio
616 782 758 841 mettere
774 771 807 836 in
825 772 930 838 ferma
946 780 981 835 et
1001 771 1121 839 stabile
1137 773 1350 839 essecutione
1365 786 1400 841 et
1414 795 1433 840 e
1450 774 1524 840 tale.

443 864 517 931 Che
532 863 653 948 poiche
669 862 692 928 il
708 859 856 946 collegio
873 858 1135 927 ecclesiastico
1122 883 1142 927 e
1163 872 1258 928 tanto
1279 862 1431 944 innanzi
1449 865 1509 931 che
1524 883 1586 928 non

376 953 405 1019 si
426 952 657 1038 estinguesse,
685 973 740 1017 ma
761 949 789 1017 si
811 948 1034 1034 restringesse
1054 951 1098 1016 ad
1124 972 1191 1016 vno
1215 972 1356 1020 numero
1377 952 1520 1038 piccolo,
1544 952 1562 1018 ι
1566 975 1587 1016 ιι

377 1052 472 1108 tanto
487 1045 550 1107 che
566 1040 632 1107 Dio
648 1041 749 1106 desce
765 1036 922 1125 maggior
942 1040 1047 1118 forze,
1065 1038 1140 1105 ciue
1161 1042 1227 1108 che
1243 1042 1307 1110 alle
1327 1063 1425 1127 spese
1445 1041 1509 1107 mle
1524 1061 1587 1107 non

376 1153 569 1217 passassaro
584 1153 644 1217 per
660 1131 781 1196 adesso
798 1128 822 1192 il
837 1148 979 1192 numero
995 1127 1038 1192 de
1058 1147 1097 1212 13
1120 1149 1275 1213 persone,
1298 1131 1398 1214 quale
1413 1133 1587 1197 hauessero

376 1241 440 1287 suo
457 1221 586 1287 decano
602 1229 637 1287 et
653 1217 795 1284 ministri
816 1216 1015 1300 necessarij,
1037 1225 1072 1284 et
1092 1238 1152 1302 per
1168 1219 1239 1285 loro
1260 1231 1294 1286 et
1310 1241 1369 1306 per
1385 1219 1460 1285 altri
1476 1218 1580 1286 conui-

376 1309 463 1375 ctori
484 1307 655 1398 foresteri,
677 1306 769 1391 quali
790 1305 924 1408 εοξιιιιο
944 1327 1036 1372 esser
1057 1325 1190 1392 sempre
1210 1307 1245 1372 in
1265 1309 1354 1374 bono
1378 1329 1532 1387 numeru,
1556 1319 1586 1374 et

377 1399 521 1499 qualche
536 1385 629 1464 volt'a
643 1417 788 1482 passano
803 1395 1005 1479 cinquanta;
1026 1405 1061 1461 et
1083 1397 1218 1480 quando
1239 1398 1367 1464 sossero
1388 1397 1446 1483 piu
1462 1397 1586 1464 habita-

378 1487 481 1565 tione,
500 1485 687 1554 sarebbeno
703 1506 806 1554 senza
821 1505 974 1550 numero.

444 1576 542 1642 Oltra
562 1573 596 1641 di
616 1575 744 1659 questi,
774 1572 865 1658 quali
886 1573 965 1638 tutti
993 1571 1154 1639 habitano
1174 1583 1209 1642 et
1229 1574 1413 1662 mangiano
1432 1575 1549 1643 dentre
1566 1573 1586 1638 ι1

376 1663 522 1750 collegio
537 1663 571 1728 di
592 1674 690 1729 santo
711 1662 926 1741 Hieronimo,
945 1683 1031 1727 sono
1047 1665 1196 1728 anchora
1212 1662 1269 1749 piri
1289 1665 1323 1730 ι1ι
1339 1665 1494 1748 quaranti
1510 1683 1586 1748 pou-

343 1781 347 1794 ·
377 1754 449 1823 ueri
464 1752 596 1832 scolari,
615 1751 705 1837 quali
721 1755 811 1817 hano
826 1751 968 1818 mattina
984 1762 1019 1817 et
1034 1772 1109 1818 sera
1125 1752 1212 1819 della
1227 1765 1320 1820 corte
1336 1754 1402 1820 doe
1421 1753 1487 1820 olle
1507 1754 1586 1818 bone

376 1864 440 1910 con
457 1852 627 1909 manestre
643 1853 677 1909 et
692 1863 780 1926 pane
795 1841 850 1906 del
865 1839 1022 1925 collegio,
1041 1850 1075 1906 et
1091 1861 1127 1906 se
1149 1841 1326 1909 chiamano
1346 1842 1466 1926 ollarij,
1483 1853 1517 1910 et
1531 1862 1585 1906 an·

376 1935 479 1998 chora
500 1928 611 2033 questi
631 1951 802 2015 mangeno
817 1929 853 1994 in
869 1928 1038 2008 collegio
1030 1952 1064 1995 ιιι
1080 1951 1146 1997 vna
1163 1941 1255 1998 certa
1270 1942 1387 1998 stanza
1402 1931 1579 2031 assignata

442 2019 538 2088 Tutti
554 2019 664 2104 questi
681 2017 848 2105 collegiali
865 2029 899 2085 et
911 2017 1030 2102 ollarij,
1046 2018 1133 2085 oltra
1148 2013 1173 2082 l'
1175 2020 1280 2086 andar
1295 2022 1359 2086 alle
1374 2020 1523 2101 lettione,
1540 2017 1586 2084 di-

376 2121 476 2214 spute
488 2120 523 2176 et
539 2108 688 2193 exercitii
708 2107 913 2190 scholastici,
931 2127 1015 2174 sono
1031 2106 1172 2210 pbligati
1187 2109 1222 2174 di
1239 2109 1288 2175 sar
1299 2109 1324 2175 il
1335 2110 1475 2176 seruitio
1487 2119 1521 2175 et
1531 2107 1586 2173 mi-

281 2193 289 2214 '
378 2199 518 2266 nisterio
534 2196 789 2264 ecclesiastico
780 2219 815 2262 ιιι
830 2207 981 2278 cantare,
999 2196 1200 2278 ministrare,
1218 2207 1252 2266 et
1269 2197 1397 2268 seruire
1415 2199 1480 2265 alla
1496 2196 1586 2263 missa

377 2299 413 2356 et
428 2287 451 2354 li
466 2287 612 2372 vesperi,
631 2296 697 2352 etc.

445 2377 538 2445 Sono
554 2374 696 2462 obligati
712 2374 746 2440 di
758 2374 880 2460 pigliar
895 2374 1004 2446 ordini
1017 2376 1072 2442 alli
1084 2375 1134 2442 soi
1148 2376 1264 2462 tempi,
1279 2377 1415 2460 quando
1427 2398 1510 2444 εοιιο
1521 2375 1585 2440 ιιιο-

377 2463 445 2547 nei3
464 2487 480 2531 s
482 2463 676 2532 'instruisce
691 2463 726 2530 in
743 2465 774 2530 la
786 2485 868 2530 cura
879 2466 1059 2550 pastorale,
1075 2485 1176 2550 sopra
1187 2466 1220 2532 la
1232 2467 1356 2551 quale
1343 2487 1363 2532 e
1376 2489 1442 2534 vna
1456 2464 1585 2535 lettione

377 2565 540 2642 perpetua
555 2554 612 2620 nel
627 2553 714 2622 libro
730 2554 785 2620 del
802 2554 911 2620 Padre
928 2555 978 2620 ira
999 2553 1130 2622 Pietro
1159 2555 1252 2622 Sono
1271 2555 1413 2642 obligati
1432 2556 1467 2622 di
1483 2563 1581 2622 accet

379 2654 442 2726 tar,
460 2643 605 2710 essendo
620 2641 745 2729 idonei,
764 2663 846 2711 cure
862 2653 895 2711 et
912 2642 988 2710 altri
1004 2642 1178 2727 ministerij
1196 2644 1230 2709 di
1246 2643 1382 2713 chiesia.

443 2731 567 2817 Questi
583 2732 676 2800 vorei
693 2731 866 2800 viuessero
881 2754 979 2800 come
996 2734 1042 2799 fin
1059 2736 1142 2800 hora
1156 2735 1229 2800 suis
1246 2734 1377 2822 legibus
1400 2739 1431 2800 ei
1450 2732 1583 2810 statutis,

375 2822 437 2888 sub
450 2822 606 2908 propriis
623 2823 816 2908 magistris.

443 2913 496 2980 De
512 2910 582 2996 piri,
601 2911 686 2976 oltra
701 2909 736 2975 di
752 2920 884 2994 questo,
898 2931 983 2976 sono
995 2911 1088 2976 molti
1101 2909 1186 2995 varij
1205 2909 1361 2996 discipuli
1375 2911 1419 2977 da
1435 2909 1526 2978 molti
1540 2909 1583 2974 lo·

374 3000 441 3080 chi,
461 2999 552 3086 quali
568 3000 730 3066 habitano
745 3006 845 3065 extra
861 3000 1039 3086 collegium
1055 2999 1090 3065 in
1111 3021 1190 3066 case
1205 3000 1283 3068 delli
1304 2999 1473 3067 cittadini.
1502 3001 1583 3068 Sono

375 3092 524 3156 anchora
539 3088 634 3154 molti
650 3087 769 3175 figlioli
785 3089 827 3154 de
844 3087 1008 3169 cittadini,
1027 3089 1118 3174 quali
1133 3089 1259 3155 viuano
1274 3099 1363 3156 sotto
1375 3111 1443 3155 vno
1455 3099 1581 3165 rettore,

373 3190 408 3245 et
424 3181 514 3244 hano
530 3177 579 3242 soi
595 3177 725 3258 statuti,
745 3177 931 3263 priuilegij,
955 3189 989 3244 et
1011 3180 1148 3286 quando
1172 3180 1300 3247 fossero
1321 3200 1386 3245 con
1408 3180 1439 3247 le
1456 3177 1583 3246 lettioue

373 3268 417 3335 de
433 3268 464 3332 la
479 3266 657 3361 disciplina
672 3267 797 3370 meglio
814 3268 1032 3369 gouuernati,
1050 3289 1119 3334 non
1135 3270 1155 3334 ὁ
1170 3267 1273 3334 dubio
1289 3271 1354 3334 che
1369 3265 1580 3344 crescerian0,

344 3409 348 3419 .
374 3357 519 3424 essendo
534 3349 680 3423 adesso
671 3378 707 3421 m
724 3366 813 3422 tutto
828 3355 918 3422 circa
937 3372 1001 3440 250
1017 3355 1187 3424 scholari
1178 3357 1301 3452 interni
1317 3367 1351 3424 et
1367 3355 1509 3425 externi.

442 3448 508 3511 Per
524 3444 754 3512 stabilimento
776 3445 933 3530 adonque
954 3447 1042 3547 delle
1063 3431 1220 3528 lettione,
1242 3445 1378 3532 dispute
1394 3461 1428 3514 et
1443 3442 1580 3526 exercitii

374 3533 583 3613 scholastici,
607 3536 710 3602 credo
731 3556 800 3602 non
820 3545 917 3620 poter
939 3534 1040 3602 iar
1009 3538 1067 3620 ιιιιι
1094 3536 1282 3602 necessaria
1306 3544 1340 3603 et
1360 3547 1458 3601 santa
1478 3552 1581 3620 opera,

373 3625 437 3688 che
453 3621 488 3688 di
503 3622 713 3726 aggiongere
730 3645 797 3689 vno
817 3623 962 3708 collegio
982 3623 1062 3690 dilla
1081 3624 1289 3710 Compagnia
1309 3623 1342 3689 di
1360 3625 1460 3712 Jesri,
1477 3623 1546 3688 rui
1533 3643 1582 3685 ιιι-

374 3719 449 3778 slar
466 3713 625 3798 collegii'
613 3735 687 3777 ιιι
666 3713 756 3792 raba,
771 3733 836 3778 con
853 3713 902 3776 soi
919 3712 1113 3798 priuileggi,
1137 3714 1365 3818 preminenza,
1388 3711 1581 3789 essentione,

374 3800 493 3868 statuti
509 3810 543 3868 et
560 3800 716 3880 costumi,
735 3823 803 3865 ιιοιι
827 3802 1033 3866 subiiciendo
1050 3804 1124 3868 ilios
1140 3805 1209 3868 nisi
1206 3803 1441 3868 satiatissime
1459 3801 1583 3866 dontino

373 3895 532 3955 iwsiroai
543 3912 604 3955 suo
611 3891 803 3974 praeposito
812 3892 972 3976 gaizeruli
980 3899 1047 3975 pro
1060 3896 1207 3976 tempore
1218 3893 1384 3972 existenti,
1396 3911 1493 3958 come
1503 3889 1583 3956 circa

373 3989 494 4062 questo
510 3999 547 4044 se
563 3982 662 4064 potri
678 3980 727 4044 far
743 3979 923 4044 concordia
939 3990 974 4046 et
989 4001 1144 4064 espressa
1155 3979 1447 4060 determinatione,
1466 3977 1582 4065 confir·

374 4067 503 4133 manda
515 4088 575 4152 per
588 4067 656 4135 Soa
669 4067 896 4147 Beatitudine,
911 4069 961 4133 lor
976 4067 1153 4154 superiori,
1169 4091 1221 4135 me
1236 4069 1348 4149 etiam,
1364 4090 1464 4138 come
1478 4087 1580 4155 spero,

372 4158 519 4222 anchora
537 4155 559 4220 il
583 4155 729 4241 capitolo
745 4167 953 4241 augustano
978 4159 1110 4242 Questo
1126 4158 1271 4244 collegio
1290 4158 1464 4225 Societatis
1483 4161 1525 4224 ha
1544 4155 1582 4221 de

292 4307 297 4318 ,
371 4247 497 4347 hauere
513 4244 646 4346 proprie
662 4256 778 4312 stanze
794 4248 970 4314 commode
985 4257 1020 4313 et
1039 4249 1138 4314 bone:
1164 4250 1255 4349 hano
1274 4246 1365 4314 da
1333 4269 1431 4315 vruer
1450 4247 1581 4314 insiemo

371 4333 407 4400 in
419 4333 554 4436 proprio
567 4333 754 4402 reiettorio:
767 4336 857 4400 hano
869 4336 913 4401 da
923 4337 1050 4404 hauere
1061 4335 1194 4423 proprie
1211 4348 1244 4405 et
1261 4336 1451 4405 sufficiente
1461 4334 1581 4402 intrade

372 4422 545 4510 assignate
559 4425 633 4490 loro
648 4445 747 4525 sopra
762 4423 851 4490 lochi
867 4424 966 4491 certi:
988 4429 1078 4491 hano
1093 4427 1137 4492 da
1155 4429 1281 4494 hauere
1302 4447 1364 4494 suo
1385 4424 1550 4512 preposito
1563 4442 1580 4486 o

324 4581 327 4590 ,
372 4533 454 4580 uero
471 4522 608 4593 rettore,
626 4513 677 4580 soi
694 4513 842 4595 maestri,
861 4511 994 4580 dottori'
990 4514 1221 4600 ,philosophi
1242 4514 1362 4595 artisti,
1381 4509 1581 4614 grammatici

371 4613 406 4668 et
422 4601 535 4670 lettori
553 4602 641 4670 nelle
659 4602 775 4686 lingue
791 4603 907 4684 latina,
926 4625 1041 4690 greca,
1059 4605 1205 4672 hebrea·
