3604 5380
364 473 415 516 tro
782 461 888 516 Earsr.
907 459 940 514 P.
961 458 1169 514 Ninia-213

359 635 414 680 rar
430 623 488 680 tan
504 612 620 698 largos
636 611 764 698 plazos,
782 626 921 697 eurique
937 609 1042 697 quien
1056 617 1130 680 esti
1147 621 1206 679 tan
1223 613 1319 683 fuera
1333 613 1377 680 de
1393 631 1542 682 merecer
1558 612 1595 678 lo

358 749 427 814 que
442 748 486 814 yo
500 728 640 812 deseoy
655 727 833 813 pretendo,
852 747 897 794 no
913 729 998 796 haze
1013 728 1103 794 nada
1117 749 1161 796 en
1176 729 1321 810 hazello;
1339 751 1362 814 y
1381 731 1432 796 asi
1451 747 1496 794 no
1511 747 1592 814 pre-

359 845 464 914 tendo
479 866 523 913 en
539 854 614 912 esta
628 843 814 928 quejarme,
832 841 908 910 sino
924 842 1073 930 suplicar
1089 849 1110 910 t
1126 845 1170 911 V.
1195 846 1236 910 Ρ.
1255 843 1299 911 de
1319 865 1436 912 nueuo
1455 864 1509 910 me
1528 862 1590 909 sea

360 981 441 1045 para
452 979 516 1028 con
533 958 566 1026 el
587 957 699 1026 Padre
719 958 859 1046 general
881 967 939 1025 tan
960 957 1180 1045 negooiador,
1203 979 1270 1044 que
1291 960 1341 1029 Su
1359 957 1422 1026 P.d
1441 980 1499 1028 sea
1514 979 1590 1027 ser-

357 1074 439 1142 uido
455 1075 499 1142 de
513 1076 673 1142 hazerme
688 1073 721 1140 la
736 1074 873 1142 merced
889 1095 956 1159 que
973 1095 1037 1140 con
1054 1076 1099 1142 V.
1119 1077 1159 1142 P.
1177 1075 1210 1143 le
1227 1086 1332 1162 tengo
1351 1073 1536 1160 suplieada.
1557 1075 1590 1140 Y

355 1211 488 1277 porque
503 1195 541 1258 se
557 1211 625 1275 que
640 1191 685 1257 V.
702 1192 738 1256 P.
757 1211 802 1255 no
818 1209 856 1255 se
872 1189 999 1276 huelga
1010 1209 1076 1256 con
1088 1191 1231 1257 muchas
1243 1211 1397 1271 razones,
1412 1211 1457 1258 no
1469 1189 1589 1275 quieto

358 1306 547 1393 alargarme
563 1310 637 1372 mis
652 1326 696 1373 en
712 1315 798 1386 esta,
811 1304 856 1372 de
872 1303 1020 1389 suplicar
1035 1310 1056 1370 t
1071 1307 1115 1371 V.
1132 1308 1171 1372 P.
1186 1325 1254 1390 que
1261 1304 1364 1391 junto
1375 1326 1441 1372 con
1453 1305 1486 1371 la
1497 1325 1589 1371 mer-

360 1422 424 1490 ced
439 1441 508 1507 que
525 1432 631 1508 tengo
651 1419 844 1506 suplicada,
870 1419 1028 1506 suplique
1048 1419 1081 1486 al
1096 1420 1207 1489 Senot
1223 1441 1266 1488 en
1283 1441 1344 1488 sus
1367 1419 1553 1506 sacrifioios
1568 1442 1592 1506 y

358 1536 537 1622 oraoiones
548 1557 587 1604 se
602 1536 695 1603 sirua
706 1537 804 1604 desta
815 1534 1017 1623 probrezilla
1032 1557 1077 1602 no
1093 1535 1126 1602 la
1141 1537 1227 1605 eche
1242 1538 1287 1605 de
1302 1541 1344 1616 sl,
1363 1558 1387 1622 y
1406 1535 1439 1604 el
1459 1535 1592 1623 guarde

271 1669 272 1674 ’
361 1653 438 1720 ἐν.
454 1654 510 1732 P.,
527 1652 599 1738 yle
613 1653 705 1738 haga
716 1672 798 1736 muy
813 1671 900 1737 gran
916 1649 1029 1718 sieruo
1046 1671 1144 1736 suyo.
1167 1653 1221 1719 De
1233 1650 1433 1736 Momdejar,
1451 1656 1471 1717 t
1489 1650 1529 1736 jx
1544 1651 1591 1716 de
1626 1639 1628 1643 ¹

365 1766 558 1851 Setienbre,
576 1775 643 1834 ailo
658 1766 702 1834 de
722 1765 818 1849 1562.
837 1763 959 1835 Sierua
978 1767 1022 1834 de
1038 1767 1081 1834 V.
1103 1768 1159 1848 P.,

441 1877 446 1890 “
884 1882 992 1948 Doni
1008 1884 1131 1951 Minis
1146 1903 1195 1950 ns
1211 1884 1407 1963 Msnnoon.

427 1998 482 2065 Ad
492 1997 791 2064 calcemsacundae
797 1997 966 2084 paginae:
978 1999 1067 2064 Para
1078 1997 1110 2064 el
1124 1999 1164 2064 P.
1180 2001 1215 2066 M
1220 2014 1250 2065 .0
1268 1998 1390 2065 Nadal.
1401 1999 1588 2083 lmm'ptio

361 2115 400 2180 in
415 2119 541 2201 quarta
556 2113 707 2200 pagina:
727 2111 749 2200 †
766 2111 812 2180 Al
832 2133 914 2197 muy
939 2114 1025 2180 Rdo.
1049 2115 1173 2198 Senor,
1196 2115 1228 2183 el
1250 2117 1290 2182 P.
1313 2117 1382 2184 Μ.0
1401 2115 1511 2182 Nadal
1526 2095 1590 2181 oo-

361 2228 515 2298 missario
531 2228 685 2316 gene[ral
701 2226 803 2319 dela]
819 2227 998 2313 Conpadla
1013 2229 1056 2294 de
1066 2231 1162 2318 Jesd.
1182 2231 1263 2296 Alia
1278 2251 1399 2297 manu:
1415 2231 1508 2314 1562.
1524 2231 1593 2300 Se·

365 2354 449 2412 dora
464 2348 572 2413 Marla
588 2343 767 2413 Mendoza.
787 2365 808 2431 9
823 2341 858 2407 di
875 2343 964 2425 7,bre
991 2345 1182 2432 Vestigium
1198 2346 1321 2433 sigilli.

939 2573 1026 2638 218

611 2693 656 2758 P.
694 2690 1106 2760 HIERONYMUS
1140 2693 1350 2760 NADAL

719 2802 814 2862 sno.
834 2805 872 2860 n.
890 2802 1039 2876 Jonrmr
1057 2806 1111 2862 os
1127 2804 1242 2864 riori
1290 2860 1294 2868 .

794 2921 934 2993 episcopo
946 2921 1161 2993 osnabrugensi

668 3047 856 3094 rroounrmn
869 3035 915 3106 (i),
929 3036 964 3092 28
976 3049 1171 3094 surrentinis
1187 3038 1255 3108 1562
1270 3043 1290 3094 ¹.

432 3157 590 3223 Illustme
612 3163 716 3239 atque
732 3155 825 3220 ΜΘ
846 3154 1015 3240 princeps.
1035 3156 1108 3221 Pax
1129 3155 1188 3223 X.i
1209 3157 1364 3224 Fuerunt
1384 3157 1478 3240 mihi,
1497 3161 1594 3226 R.me

363 3282 468 3358 atque
484 3271 587 3337 llime
603 3269 751 3350 domine,
769 3267 879 3351 litere,
898 3289 984 3354 quas
1001 3270 1115 3338 adme
1132 3270 1210 3338 tulit
1223 3274 1268 3340 D.
1287 3271 1472 3356 Henricus,
1486 3275 1593 3362 longe

365 3385 570 3477 gratissime:
589 3384 741 3454 intellexi
753 3384 854 3451 simul
868 3404 971 3469 quam
987 3407 1155 3472 generoso
1170 3409 1211 3454 ac
1223 3387 1392 3455 catholico
1407 3388 1520 3456 animo
1535 3389 1592 3456 in-

362 3503 495 3571 cumbit
511 3501 689 3570 Celsitudo
706 3503 782 3568 Tua
798 3501 841 3567 ad
856 3501 1041 3586 parandam
1057 3501 1232 3588 religionis
1248 3505 1436 3572 orthodoxe
1450 3526 1590 3574 causam

361 3617 464 3686 simul
480 3615 689 3704 propositum
706 3615 821 3697 animi,
835 3615 928 3699 quod
944 3617 986 3682 de
1002 3615 1166 3703 erigendo
1179 3617 1326 3705 collegio
1338 3618 1491 3707 trilingui
1501 3640 1589 3687 con-

360 3733 466 3821 cepit,
484 3731 613 3799 audiui.
633 3733 736 3817 Quod
748 3752 827 3797 cum
844 3730 1083 3818 intelligerem,
1098 3754 1167 3798 non
1179 3733 1275 3819 potui
1287 3756 1357 3800 non
1368 3735 1590 3804 vehementer

361 3848 559 3938 praedicare
579 3845 644 3916 Dei
665 3845 699 3914 in
722 3857 767 3927 te,
793 3845 950 3933 princeps
966 3846 1046 3928 nte,
1066 3856 1134 3913 tam
1155 3847 1324 3936 insignem
1340 3850 1588 3937 benignitatem

358 3987 401 4033 ae
417 3963 563 4054 gratiam
578 3983 619 4030 ac
636 3973 730 4029 tuam
746 3960 845 4029 istam
861 3961 1177 4049 magnanimitatem
1191 3966 1203 3998 ¹
1223 3973 1325 4050 atque
1341 3963 1498 4034 eximiam
1512 3965 1590 4052 pie-

358 4091 464 4150 tatem
480 4101 551 4146 non
567 4077 659 4146 omni
674 4078 776 4146 laude
792 4076 931 4164 dignam
944 4077 1150 4161 existimare;
1165 4080 1277 4146 adhuc
1284 4079 1442 4167 impenso
1453 4079 1591 4150 deside-

414 4328 424 4363 ¹
461 4330 506 4385 Ex
533 4327 701 4402 apographo
727 4326 872 4398 Kesselii,
891 4327 922 4382 in
938 4327 1002 4398 ejus
1020 4327 1219 4401 Epistolario,
1241 4329 1316 4388 Cod·
1341 4345 1389 4404 3⁷1
1407 4333 1461 4390 iol.
1485 4331 1536 4389 130
1553 4353 1589 4392 v.

357 4417 456 4490 Hujus
469 4417 612 4490 epistolae
630 4425 743 4490 partem
761 4415 853 4472 edidit
871 4417 1016 4485 HANSEN,
1030 4419 1086 4473 loc.
1104 4419 1169 4492 cit,
1182 4437 1251 4492 pag.
1264 4419 1329 4494 437,
1342 4430 1444 4480 annot.
1463 4421 1490 4479 3.
1504 4425 1591 4484 Illam

355 4525 396 4563 ex
406 4507 508 4564 codice
517 4505 681 4562 coloniensi
691 4504 776 4562 nobis
786 4505 892 4578 partim
903 4505 1097 4579 transcripsit,
1109 4515 1139 4564 et
1149 4518 1285 4565 accurate
1294 4513 1431 4568 collatam
1440 4530 1507 4568 curn
1517 4531 1591 4588 apo-

354 4596 471 4668 grapho
483 4595 568 4652 nobis
581 4594 744 4676 transmisit
756 4595 790 4651 P.
804 4594 930 4651 Beissel.
949 4593 1025 4651 Vide
1038 4613 1136 4668 supra,
1146 4613 1214 4670 pag.
1226 4609 1300 4656 xvn.

411 4689 422 4720 ¹
461 4686 575 4758 Apogr.
592 4692 725 4740 nostrum
738 4685 827 4740 habet
839 4685 1108 4758 magninimatem.
