3478 5384
385 451 439 508 316
805 451 911 507 ensi.
936 451 972 506 P.
997 449 1200 507 Napai-288

384 613 542 692 presente
560 604 582 684 ¹,
605 615 640 670 et
660 603 741 670 tutti
761 603 793 670 ci
813 603 918 672 siamo
938 603 1110 690 rallegrati
1130 606 1207 686 che,
1230 604 1284 671 col
1305 602 1399 670 aiuto
1421 605 1476 672 del
1498 604 1605 672 dottor

386 718 551 787 Mathiolo
565 720 591 799 ',
609 718 639 786 si
654 717 704 786 sia
719 718 848 786 aiutato
863 719 952 785 nella
967 718 1087 786 666116.
1108 721 1151 786 Ε1
1172 719 1292 805 poiche
1312 740 1351 786 se
1371 718 1493 790 risolse
1514 722 1606 788 d'an·

381 836 446 902 ‘dar
461 857 480 902 a
496 835 631 902 Vienna
645 833 704 921 piri
720 845 834 921 presto
848 837 914 903 che
928 857 949 902 6
965 834 1110 902 Bauaria
1127 835 1166 922 (il
1186 836 1251 902 che
1271 837 1290 902 ἐ
1306 845 1395 903 61610
1410 836 1519 903 molto
1538 858 1603 904 me

384 950 467 1038 glio,
490 948 682 1037 pattendosi
703 948 930 1035 l’imperatore
950 951 993 1018 de
1014 951 1188 1038 Hispruch
1207 973 1268 1037 per
1282 950 1388 1018 andar
1403 949 1439 1017 in
1455 951 1603 1038 Austris)

385 1074 507 1153 questa
522 1085 559 1132 se
575 1063 740 1131 drizaraa
761 1064 907 1144 Vienna,
925 1065 968 1132 de
983 1065 1073 1132 doue
1089 1086 1158 1132 non
1174 1064 1354 1131 habbiamo
1376 1064 1467 1132 uisto
1488 1068 1604 1136 lettere

384 1181 478 1248 molti
498 1181 532 1246 di
552 1200 648 1246 sono.
672 1180 746 1246 Che
767 1179 802 1246 in
824 1181 932 1247 Roma
951 1180 1157 1246 domandino
1178 1201 1322 1268 persone
1337 1201 1398 1268 per
1419 1183 1562 1269 leggere
1583 1181 1606 1248 11

383 1317 482 1364 corso
497 1296 533 1375 li,
551 1317 571 1361 o
587 1316 670 1364 uero
685 1295 718 1361 la
734 1293 915 1376 rhetorica,
933 1317 1014 1381 pare
1028 1296 1063 1361 lo
1078 1295 1222 1364 diranno
1237 1317 1335 1364 come
1358 1295 1512 1378 ridend0,
1532 1317 1601 1383 per·

384 1408 492 1478 chesi
508 1409 722 1476 domandano
738 1409 823 1476 tanti
838 1411 881 1476 de
897 1411 1005 1476 Roma
1017 1432 1077 1496 per
1088 1410 1282 1498 Alemagna
1293 1433 1354 1498 per
1365 1411 1477 1496 questi
1490 1411 1605 1492 ufficii,

384 1529 448 1596 che
463 1527 530 1592 ben
545 1525 574 1591 si
590 1545 628 1591 sa
644 1527 708 1593 che
723 1525 780 1594 del
796 1525 891 1592 fonte
905 1524 934 1592 si
952 1525 1141 1612 impiscono
1157 1525 1179 1591 li
1196 1525 1307 1606 riuoli,
1325 1536 1359 1594 et
1376 1547 1447 1592 non
1466 1526 1547 1594 delli
1564 1526 1605 1592 ri-

385 1641 455 1709 uoli
470 1640 493 1706 il
510 1642 614 1710 sonte.
634 1641 775 1726 Quanto
791 1641 823 1706 al
839 1661 949 1720 corso,
967 1641 996 1706 si
1011 1641 1182 1707 inclinano
1198 1663 1219 1707 a
1234 1640 1376 1728 pigliare
1391 1641 1414 1706 il
1430 1644 1466 1709 M
1471 1657 1516 1707 .r0
1538 1644 1604 1709 Ac·

384 1756 739 1840 chile³,quantunque
751 1756 1145 1836 hannoaMaldonado⁴,
1155 1755 1213 1842 gia
1224 1755 1603 1842 discipulodiM.r0T0-

383 1872 465 1939 ledo
478 1873 502 1953 ⁵3
526 1892 581 1938 ma
601 1869 725 1936 dicono
747 1891 815 1936 non
836 1891 930 1938 esser
950 1881 1046 1936 tanto
1066 1881 1203 1956 promto
1218 1870 1299 1938 nelli
1319 1871 1380 1938 atti
1400 1869 1529 1958 publici
1549 1894 1605 1958 per

384 1986 565 2054 dimostrar
580 1983 740 2066 dottrina,
759 1997 888 2070 quanto
904 1988 923 2052 e
939 1986 1125 2052 realmente
1147 1987 1248 2052 docto
1264 1997 1298 2054 et
1314 1988 1358 2054 ha
1374 1986 1484 2073 gratia
1504 1987 1540 2054 in
1554 1987 1604 2052 in-

384 2102 542 2189 segnarla
557 2101 742 2186 leggendo
764 2103 830 2168 Per
846 2099 985 2187 Dilinga
1006 2122 1074 2166 non
1098 2122 1327 2168 mancaranno
1343 2101 1425 2168 boni
1441 2101 1600 2189 suggetti'.

452 2235 484 2283 2.
533 2218 566 2283 A
583 2217 627 2283 V.
647 2217 686 2282 R.
705 2215 733 2281 si
749 2237 833 2282 sono
850 2216 1000 2283 mandati
1016 2216 1040 2281 li
1055 2215 1204 2302 capitoli,
1223 2217 1357 2284 corneli
1373 2220 1417 2285 ha
1438 2218 1564 2304 passati
1583 2217 1606 2282 11

386 2331 538 2400 cardinal
553 2332 587 2397 d’
610 2331 784 2417 Augusta,
803 2331 896 2396 accio
912 2331 987 2398 (1166
1007 2353 1044 2398 se
1063 2331 1116 2418 gli,
1132 2352 1269 2399 occorre
1288 2333 1432 2417 qualche
1451 2353 1544 2400 cosa.
1568 2331 1604 2402 Si

383 2447 534 2514 scriucra
549 2448 613 2514 che
628 2446 651 2512 il
669 2446 780 2513 Padre
800 2445 1008 2532 prouinciale
1028 2469 1049 2514 o
1069 2446 1093 2512 il
1113 2448 1154 2513 P.
1177 2449 1296 2533 Lanoy
1316 2447 1483 2514 uadinoa
1505 2449 1604 2516 ueder

385 2564 417 2630 le
432 2561 635 2630 habitationi
651 2563 694 2630 de
710 2559 849 2648 Dilinga
864 2562 890 2642 ⁶,
908 2564 1128 2645 quantunche
1143 2562 1168 2645 il
1182 2563 1277 2629 detto
1292 2562 1500 2648 prouinciale
1516 2563 1603 2630 desi-

283 2673 286 2683 '
384 2680 511 2747 deraua
527 2679 591 2744 che
607 2678 650 2745 V.
670 2677 707 2743 R.
726 2675 860 2745 uedessi
877 2677 956 2760 quel
970 2677 1088 2764 luogo,
1102 2686 1137 2744 61
1153 2677 1225 2746 (1661
1240 2678 1358 2746 ordine
1374 2677 1468 2744 accio
1484 2677 1513 2746 si
1528 2701 1602 2765 pre-

384 2793 561 2880 parassino
572 2794 604 2858 16
616 2812 695 2858 cose
706 2791 909 2874 necessarie,
922 2791 1605 2877 6661ὀεί6661661661166666166616666

384 2909 408 2974 il
423 2907 579 2994 collegio.
603 2906 814 2975 Desideraua
834 2908 915 2993 perd
935 2907 958 2972 il
979 2906 1164 2975 medesimo
1185 2907 1391 2995 prouinciale
1413 2911 1476 2976 che
1498 2911 1606 2976 anche

384 3023 493 3110 prima
508 3021 643 3092 uedessi
658 3023 702 3089 V.
726 3022 767 3087 R.
790 3020 814 3086 il
834 3022 981 3108 collegio
1001 3024 1044 3090 de
1064 3021 1250 3108 Hispruch,
1272 3045 1332 3110 per
1351 3023 1436 3092 certi
1457 3021 1601 3110 bisogni,

384 3137 463 3204 (16111
478 3136 568 3223 quali
584 3138 712 3204 hauerh
726 3135 775 3201 lui
790 3135 919 3203 scritto:
939 3138 1010 3203 sara
1025 3159 1089 3223 pur
1110 3139 1153 3205 V.
1178 3139 1219 3206 R.
1243 3159 1339 3205 come
1359 3137 1486 3225 meglio
1505 3136 1529 3203 11
1543 3159 1602 3224 pa·

384 3256 471 3319 rera.

442 3503 450 3536 ¹
489 3500 553 3554 Hae
567 3500 682 3556 litterae
695 3497 818 3570 periisse
831 3497 978 3553 videntur.

437 3593 448 3624 ¹
485 3588 531 3644 De
544 3590 600 3644 hoc
613 3587 734 3660 egregio
746 3588 810 3643 viro
822 3588 895 3642 haec
907 3586 992 3641 affert
1001 3585 1143 3656 Schmidl,
1157 3588 1213 3642 loc.
1224 3587 1286 3656 cit.,
1298 3604 1367 3659 pag.
1382 3600 1442 3659 179:
1455 3588 1604 3644 «Adversa

382 3695 450 3734 cum
472 3677 642 3733 valetudine
662 3679 717 3732 hoc
739 3691 814 3731 anno
836 3673 930 3747 [1563]
951 3675 1060 3748 aliquot
1083 3675 1177 3730 Sociis
1198 3676 1358 3732 conflictari
1380 3677 1516 3749 contigit,
1537 3694 1602 3732 cum

383 3769 480 3825 omnia
493 3777 578 3840 peste
595 3768 741 3837 arderent,
760 3782 920 3839 omnesque
938 3765 1031 3820 morbi
1049 3765 1247 3837 suspicionem
1263 3765 1405 3835 facerent3
1424 3767 1477 3822 sed
1494 3783 1604 3836 omnes,

382 3859 447 3912 Deo
459 3857 602 3929 imprimis
614 3864 733 3928 agente,
747 3855 854 3911 deinde
868 3855 993 3910 maxima
1006 3854 1140 3925 scientia,
1153 3872 1187 3909 66
1201 3854 1365 3910 incredibili
1374 3854 1526 3928 diligentia
1535 3854 1602 3909 ami·

383 3945 494 4002 cissimi
508 3946 634 4016 Nostris,
648 3963 682 4000 ac
694 3943 954 4012 Excellentissimi,
972 3945 989 3999 ὲ
1007 3961 1129 4000 numero
1147 3945 1362 4014 Botanicorum,
1376 3961 1430 4000 seu
1449 3945 1602 4000 Herbario·

382 4054 458 4104 rum,
472 4035 578 4090 Medici
591 4034 732 4090 Mathioli
744 4033 859 4105 integre
873 4041 942 4089 suut
951 4033 1149 4105 pereunti...»

435 4125 447 4157 ³
484 4122 646 4194 Gagliardi,
660 4121 783 4194 scriptor
796 4121 977 4191 notissimus,
990 4121 1027 4178 de
1040 4138 1098 4195 quo
1111 4122 1179 4178 vide
1189 4121 1606 4194 sonmnvocm,13ibliottt-

383 4230 439 4285 qus
451 4214 487 4267 de
502 4213 534 4266 la
549 4211 736 4285 Compagnie
748 4213 784 4266 de
791 4211 892 4282 stus.

436 4304 449 4336 ⁴
484 4303 530 4356 De
543 4301 598 4355 hoc
611 4299 828 4372 sapientissimo
844 4299 908 4355 viro
921 4299 1038 4371 saepius
1056 4315 1152 4355 sermo
1168 4299 1277 4356 redibit
1294 4300 1324 4355 in
1336 4300 1527 4373 sequentibus
1539 4297 1601 4372 epi·

382 4389 479 4446 stolis.
496 4389 547 4446 Cf.
564 4390 652 4445 etiam
666 4389 763 4458 PRAT,
778 4388 937 4444 Maidonat
949 4393 977 4444 et
990 4389 1179 4444 l'universitd
1190 4390 1226 4443 de
1240 4389 1343 4444 Paris.

436 4481 447 4514 ⁵
484 4477 656 4534 Franciscus
669 4478 791 4533 Toletus
805 4476 853 4546 (de
866 4477 988 4545 Toledo)
1001 4477 1093 4533 lector
1106 4479 1270 4550 theologiae
1290 4477 1321 4534 in
1337 4477 1462 4550 collegio
1474 4492 1601 4542 romano,

383 4575 485 4640 postea
497 4566 653 4624 cardinalis
663 4567 695 4622 S.
708 4567 745 4626 R.
758 4567 792 4625 E.

436 4659 448 4692 ⁸
485 4656 561 4713 Vide
574 4674 673 4729 supra,
686 4672 757 4729 pag.
774 4669 839 4728 291,
853 4664 954 4712 annot.
975 4668 1000 4712 1.
