3504 5386
373 379 427 452 484
790 379 896 435 Eetsr.
920 377 956 432 P.
980 374 1183 446 Naana-344

375 533 407 601 el
428 554 494 619 que
516 530 634 600 vuiese
657 533 700 599 de
720 530 749 597 ir
772 538 792 598 a
812 531 987 617 informer,
1010 551 1095 616 pues
1114 535 1176 596 aea
1195 535 1271 598 sera
1287 540 1345 596 tan
1366 527 1442 612 atil,
1464 517 1578 599 adonde

375 651 470 718 avrla
484 658 578 714 otros
599 666 667 730 que
686 648 720 713 lo
742 647 862 724 fuesen
882 668 964 734 para
984 643 1037 737 [ilr
1055 667 1079 730 y
1095 667 1176 732 para
1195 653 1287 712 estat
1301 645 1379 726 alla,
1397 667 1420 732 y
1435 665 1479 711 no
1498 655 1579 710 tanto

374 784 457 850 para
472 767 545 844 θοάς
563 783 586 848 y
602 783 687 848 pues
703 763 750 829 V.
773 764 817 828 R.
839 782 969 847 conope
984 759 1092 846 mejor
1106 766 1127 826 a
1143 758 1247 845 quien
1262 758 1345 846 digo
1364 782 1387 845 y
1402 761 1454 827 los
1473 763 1575 826 humo·

375 899 430 962 res
444 878 489 944 de
504 883 578 959 aea,
596 877 628 944 ai
644 897 733 963 poco
748 899 814 962 que
830 875 923 945 dezir
939 895 983 944 en
998 887 1084 944 esto:
1106 877 1138 942 el
1162 897 1217 944 me
1237 874 1313 944 dize
1332 896 1400 961 que
1419 897 1439 942 a
1457 873 1575 954 escrito,

374 1015 513 1079 auoque
528 995 632 1058 ahora
648 1013 693 1060 no
709 997 746 1058 se
762 991 790 1058 si
807 993 839 1058 lo
855 993 940 1060 haze
959 995 985 1057 ¹.

416 1119 419 1128 “
444 1126 478 1174 2.
532 1109 586 1174 Yo
601 1129 621 1175 e
641 1107 756 1175 tenido
777 1109 874 1175 salud
895 1130 977 1195 para
992 1106 1085 1176 dezir
1100 1109 1133 1174 la
1148 1107 1281 1174 dotrina
1297 1130 1341 1177 en
1361 1127 1440 1174 casa
1460 1106 1487 1189 ⁹,
1506 1127 1580 1174 aun·

376 1245 444 1309 que
474 1246 519 1292 en
545 1225 610 1292 ella
636 1245 675 1291 se
702 1244 722 1289 a
748 1223 906 1311 parecido
933 1229 1026 1309 quan
1053 1245 1154 1309 pocas
1178 1224 1312 1309 fuerpas
1334 1223 1366 1290 ai
1390 1245 1432 1292 en
1461 1221 1533 1288 todo
1555 1221 1580 1288 el

378 1339 535 1406 hombre.

444 1473 478 1538 3.
531 1455 584 1520 En
601 1453 755 1522 Montilla
770 1459 867 1520 eatan
883 1453 935 1521 sin
952 1455 1062 1536 salud,
1086 1459 1106 1520 a
1126 1455 1160 1520 lo
1179 1475 1298 1522 menos
1317 1455 1350 1520 la
1371 1453 1545 1540 Margarita
1563 1473 1581 1536 y

378 1568 544 1653 duquesa:
563 1570 595 1637 el
611 1549 769 1655 rnarques
784 1575 857 1636 esta
872 1569 989 1654 mejor,
1008 1591 1031 1658 y
1047 1570 1078 1638 el
1094 1570 1203 1637 conde
1219 1569 1333 1638 bueno
1347 1579 1581 1656 ycontentoen

288 1683 291 1690 ’
379 1704 421 1752 su
441 1705 534 1751 casa.
562 1686 596 1753 Α
617 1685 715 1752 todos
736 1684 815 1770 pido
836 1690 857 1750 a
877 1686 923 1752 V.
954 1688 997 1752 R.
1024 1684 1247 1754 encomiende
1272 1691 1292 1751 a
1316 1687 1363 1754 N.
1393 1686 1433 1755 S.
1464 1686 1493 1751 al
1516 1682 1581 1768 qual

380 1800 481 1886 plega
497 1801 620 1868 darnos
641 1821 683 1867 su
703 1811 803 1882 santo
825 1820 918 1867 amor
940 1823 962 1886 y
983 1812 1106 1869 temor.
1135 1801 1266 1880 Alcalta,
1290 1819 1309 1868 2
1330 1801 1375 1869 de
1395 1802 1515 1869 Enero.
1539 1801 1581 1864 De

380 1915 495 1982 VR.
518 1914 631 1982 sieruo
646 1937 670 2000 y
685 1914 755 2001 hijo
771 1938 816 1984 en
831 1913 910 1998 X.⁰‚

1240 2031 1422 2100 Anr0n1o.

448 2145 631 2230 Inscriptio
647 2148 685 2212 in
702 2153 827 2233 quarta
838 2152 987 2237 pagina:
1003 2151 1025 2238 †
1041 2152 1087 2220 Al
1104 2170 1185 2236 muy
1201 2149 1289 2216 Rd0.
1310 2148 1420 2215 Padre
1434 2147 1466 2216 el
1479 2148 1515 2212 P.
1528 2141 1582 2212 Mt

381 2260 502 2338 Nadal,
521 2261 704 2328 comisario
720 2264 859 2349 general
875 2264 930 2352 [de
946 2266 979 2332 la
992 2265 1191 2358 Colmpania
1202 2265 1369 2353 dejesta.
1394 2261 1474 2328 Atia
1490 2279 1584 2327 noma

380 2375 514 2462 Alcala.
538 2378 585 2444 D.
610 2376 774 2460 Antonio,
795 2397 813 2444 2
831 2381 874 2446 de
891 2383 1003 2448 Enero
1023 2381 1121 2465 1564.

952 2629 1041 2690 3¹!AE

762 2762 796 2816 P.
817 2761 1018 2820 NICOLAUS
1038 2761 1226 2821 LANOYUS

577 2887 762 2953 PATRI
797 2889 1171 2958 HIERONYMO
1206 2889 1414 2956 NADAL

742 3042 892 3098 vannat,
912 3043 945 3098 27
964 3044 1110 3096 Janoann
1130 3029 1199 3100 1564
1218 3033 1243 3086 ⁸.

380 3166 410 3208 1.
431 3151 553 3208 Natalis
576 3154 695 3208 litterae
711 3155 798 3208 sociis
812 3158 924 3226 gratae
941 3157 1182 3220 extiterunt-2,
1203 3170 1231 3226 3.
1255 3155 1352 3211 Pestis
1371 3156 1499 3210 Viennae
1515 3164 1589 3224 grat·

434 3243 600 3309 solun-4.
615 3240 744 3315 Collegit
762 3245 925 3316 pragensis
947 3245 1175 3314 dolatio-57.
1199 3245 1245 3300 De
1262 3262 1296 3300 re
1311 3243 1472 3318 familiari
1488 3235 1591 3310 collegii

437 3347 620 3386 vwnnensts.

967 3457 1033 3578 llis.
1058 3483 1061 3492 ⁸

389 3737 394 3747 Ι
457 3671 484 3720 1.
535 3654 641 3720 Molto
657 3654 743 3720 Rd0.
762 3652 796 3719 in
814 3652 952 3720 Christo
971 3655 1089 3722 Padre.
1106 3656 1177 3720 Pax
1190 3657 1273 3743 Jesu
1285 3653 1425 3721 Christi.
1441 3638 1589 3738 Quelladi

386 3769 432 3835 V.
450 3769 489 3836 R.
509 3767 628 3836 scritta
646 3789 664 3834 a
684 3787 722 3852 31
746 3768 894 3836 Ottobre
916 3769 951 3834 in
969 3768 1109 3856 Dilinga
1129 3773 1174 3836 ho
1198 3769 1352 3837 riceuuto
1368 3769 1392 3834 il
1410 3783 1449 3852 25
1466 3766 1498 3832 di
1519 3779 1590 3847 que·

444 3977 450 4007 ¹
488 3973 581 4043 Haec,
594 3989 670 4044 quae
689 3974 813 4028 obscure
829 3972 908 4028 dicta
922 3983 1001 4045 sunt,
1016 3975 1121 4046 partim
1135 3973 1262 4046 intelligi
1275 3981 1413 4046 poterunt
1425 3989 1462 4027 ex
1476 3970 1519 4040 iia,
1530 3979 1591 4038 quae

384 4061 449 4132 ipse
460 4061 493 4114 P.
506 4060 652 4115 Antonius
663 4059 699 4114 tle
710 4059 846 4116 Cordoba
855 4061 973 4134 scripsit
984 4061 1091 4134 Natali,
1103 4063 1132 4116 in
1143 4061 1269 4134 epistola
1279 4064 1335 4117 sub
1346 4080 1375 4117 n.
1388 4075 1440 4132 292
1450 4059 1532 4124 edita,
1541 4069 1594 4126 par·

388 4149 440 4204 tim
450 4167 487 4204 ex
498 4150 622 4221 epistola
634 4151 665 4208 P.
678 4147 797 4220 Aegidii
808 4149 956 4206 Gonzalez
967 4151 1082 4217 Davila,
1094 4151 1198 4224 partita
1209 4151 1304 4220 exiis,
1315 4169 1391 4224 quae
1405 4151 1435 4206 in
1446 4149 1534 4221 Epist.
1545 4139 1594 4197 Na·

384 4240 443 4304 tal,
458 4247 479 4293 t.
495 4239 518 4310 1,
531 4240 650 4310 passim,
664 4238 701 4294 de
715 4239 809 4294 turbis
823 4239 852 4295 in
867 4239 1009 4311 Hispania
1022 4240 1053 4296 in
1065 4240 1244 4296 Societatem
1259 4240 1396 4296 excitatis
1409 4239 1485 4295 dicta
1497 4239 1565 4291 suat.

445 4332 456 4362 ¹
493 4327 710 4384 Professionem
733 4331 895 4384 solemnem
914 4331 1076 4385 emissurus
1092 4339 1165 4396 erat,
1183 4329 1309 4404 ideoque
1324 4347 1362 4385 ex
1375 4324 1596 4386 constitutionum

388 4417 546 4474 Societatis
559 4417 739 4490 praescripto¹
757 4417 919 4474 doctrinam
936 4418 1125 4475 christianam
1142 4435 1249 4492 pueros
1262 4419 1369 4475 docere
1387 4418 1518 4475 debebat.
1531 4407 1593 4463 Vide

388 4507 479 4580 epist.
496 4521 559 4578 292.

442 4599 453 4630 ³
491 4599 534 4652 Ex
548 4598 740 4670 autographo,
754 4597 784 4653 in
799 4595 872 4654 Cod.
885 4613 925 4668 29
938 4599 977 4670 c),
993 4600 1080 4655 unico
1094 4597 1157 4669 fol„
1173 4612 1207 4654 10
1219 4598 1306 4667 (218).

717 4833 742 4884 Ι
