3504 5386
369 434 423 504 458
795 429 899 487 Ernr.
920 429 952 485 Ρ.
974 429 1177 503 Nauna-334

370 607 407 653 se
423 583 447 652 li
462 585 623 651 mandarat
638 585 671 650 la
686 594 791 671 gente
807 603 868 670 per
884 582 1121 666 Valentienna‚
1139 583 1251 652 insino
1267 607 1287 652 a
1303 594 1398 652 tanto
1414 587 1476 652 che
1486 586 1576 671 pagb1

369 701 393 766 il
408 697 533 767 viatico
548 698 627 766 delli
643 699 732 782 altri,
749 709 784 766 et
800 700 834 764 lo
853 693 967 764 mandi
987 719 1047 784 per
1063 697 1086 764 li
1107 699 1201 782 noui,
1223 709 1258 766 et
1279 721 1348 766 non
1368 719 1474 786 penso
1492 720 1578 766 man·

367 819 449 883 cara
468 825 572 902 gente
592 835 652 900 per
673 811 901 882 Valentienna
926 815 949 894 ’ς
978 811 1054 880 anzi
1080 824 1196 900 presto
1221 812 1391 881 crediamo
1418 812 1452 878 di
1479 813 1578 898 quella

368 929 489 999 istessa
504 929 680 1016 prouincia
696 928 728 995 ci
743 931 836 996 serra
852 938 957 1014 gente
971 949 1032 1016 per
1052 930 1113 994 dar
1134 928 1297 1015 principio
1316 931 1359 996 ad
1380 951 1426 994 un
1446 927 1576 1014 collegio

368 1047 404 1113 in
418 1042 514 1127 Lilla,
528 1055 563 1115 et
578 1048 642 1112 che
658 1044 885 1132 agiutaranno
898 1043 1013 1110 l’anno
1024 1047 1090 1112 che
1106 1042 1205 1112 uiene
1218 1065 1277 1130 per
1293 1044 1406 1129 quello
1418 1045 1460 1113 de
1475 1045 1574 1129 Duay:

367 1173 404 1231 et
420 1159 462 1229 V.
482 1161 523 1228 R.
543 1159 738 1247 sappia'che
755 1159 791 1225 in
807 1159 918 1244 quelle
939 1159 1050 1225 bande
1069 1159 1113 1227 de
1134 1159 1279 1226 Fiandra
1298 1180 1415 1227 cresce
1435 1159 1577 1224 moltola

367 1277 552 1344 deuotione
575 1276 663 1341 della
684 1273 909 1361 Compagnia,
932 1285 966 1341 et
983 1284 1127 1342 entrano
1143 1273 1270 1341 diuersi
1289 1273 1370 1341 boni
1391 1273 1528 1360 sugetti,
1547 1273 1577 1338 in

368 1391 523 1460 Louanio
540 1391 684 1458 maxime
701 1400 735 1458 et
751 1390 786 1456 in
803 1389 957 1469 Colonia,
975 1400 1009 1457 et
1025 1391 1134 1456 anche
1146 1389 1181 1458 in
1197 1391 1346 1476 Tornay;
1361 1401 1397 1457 et
1408 1389 1468 1475 piu
1480 1400 1580 1474 presto

368 1507 392 1572 li
403 1528 525 1573 manca
535 1506 559 1573 il
571 1506 672 1572 modo
685 1507 727 1573 de
740 1503 937 1572 sustentarli
950 1507 1014 1571 che
1026 1504 1125 1586 altr0;
1139 1505 1198 1570 sed
1210 1506 1328 1570 animo
1335 1505 1418 1590 plus
1429 1510 1477 1570 est
1488 1525 1578 1589 quam
1624 1546 1630 1562 .

367 1644 453 1704 esca,
465 1628 496 1688 et
506 1609 629 1707 corpus
635 1620 716 1706 plus
729 1639 833 1705 quom
845 1621 1095 1684 uestimentum.
1115 1623 1182 1688 Per
1196 1619 1295 1686 finire
1311 1629 1429 1704 questa
1453 1618 1581 1686 materia

366 1739 412 1808 de
422 1735 559 1824 collegii
576 1735 669 1814 noui,
688 1736 731 1802 V.
751 1735 792 1802 R.
812 1735 939 1802 hauera
951 1733 1081 1801 intesso
1098 1735 1177 1820 quel
1198 1737 1261 1802 che
1281 1734 1404 1803 scrisse
1420 1734 1444 1800 il
1466 1737 1503 1802 P.
1520 1735 1580 1800 Ca-

367 1853 455 1920 nisio
475 1853 530 1918 del
549 1849 800 1936 herbipolense,
825 1861 926 1916 come
939 1849 982 1914 ad
1001 1848 1085 1936 ogni
1107 1851 1207 1916 modo
1229 1851 1395 1917 uorrebbe
1411 1849 1463 1914 far
1481 1849 1503 1914 il
1518 1849 1578 1914 col-

367 1968 471 2055 legio,
488 1977 523 2034 et
538 1969 603 2033 che
620 1966 663 2032 V.
682 1962 722 2031 R.
743 1963 878 2031 andassi
895 1963 942 2030 fin
958 1965 1002 2046 la,
1021 1975 1055 2031 et
1071 1964 1336 2044 circal'andare,
1351 1987 1371 2030 o
1388 1987 1468 2044 non,
1487 1965 1526 2031 N.
1543 1965 1577 2030 P.

366 2105 405 2152 se
422 2083 555 2152 rimette
571 2104 592 2148 a
607 2081 651 2147 V.
671 2082 727 2160 R.,
746 2090 781 2148 et
801 2082 910 2146 anche
931 2088 1059 2166 quanto
1079 2081 1111 2147 al
1131 2079 1339 2165 prometterli
1355 2081 1387 2145 la
1407 2090 1511 2166 gente
1529 2100 1581 2166 per

300 2185 303 2192 ’
367 2200 401 2264 lo
417 2220 507 2265 anno
522 2200 586 2264 che
604 2195 704 2262 uiene
719 2195 745 2276 ⁸;
760 2216 826 2274 ma,
845 2194 940 2262 accib
955 2194 983 2260 si
999 2215 1099 2281 possa
1115 2194 1241 2281 meglio
1256 2195 1420 2262 risoluere
1437 2197 1480 2263 V.
1498 2193 1582 2274 R.,li

370 2349 580 2360 ...-.-.-..-——--

424 2426 430 2456 ¹
470 2417 546 2474 Vide
559 2388 651 2490 epist.
667 2415 731 2485 285,
745 2434 778 2470 n.
796 2429 823 2483 2;
838 2424 869 2470 et
881 2414 946 2486 312,
959 2433 993 2472 n.
1010 2416 1040 2471 8.

420 2515 431 2546 ’
469 2509 514 2564 De
528 2505 633 2563 litteris
647 2504 759 2561 Canisii
771 2503 790 2558 6
807 2503 983 2560 Novembris
997 2505 1033 2560 ad
1046 2506 1181 2562 Lainium
1194 2506 1271 2561 datis
1288 2508 1360 2562 haec
1378 2507 1521 2579 intellige,
1539 2507 1582 2562 ubi

367 2602 440 2656 haec
453 2599 529 2654 inter
542 2596 598 2652 alia
615 2595 810 2667 reperiuntur:
831 2593 916 2648 «Fuit
935 2594 1012 2666 apud
1031 2613 1077 2650 me
1094 2595 1286 2650 cancellarius
1302 2596 1516 2668 herbipolensis
1532 2596 1583 2668 epi-

367 2689 459 2760 scopi,
478 2696 508 2742 et
530 2685 606 2740 serio
624 2686 698 2740 ursit
716 2700 834 2739 causam
853 2683 982 2753 collegii,
1002 2683 1147 2756 simulque
1166 2685 1299 2756 promisit
1318 2685 1487 2757 episcopum
1507 2703 1581 2741 suum

370 2792 439 2832 rooo
450 2777 566 2832 daleros
580 2782 612 2830 ut
626 2773 776 2829 minimum
790 2771 1066 2844 suppedita[tu]rum
1084 2773 1202 2828 nostris:
1216 2775 1271 2828 hoc
1285 2791 1374 2828 uuum
1388 2793 1467 2830 nunc
1479 2774 1582 2830 deside·

353 2855 424 2921 'rari
434 2865 516 2932 dicit,
532 2873 564 2919 ut
580 2862 809 2934 respondeamus
822 2879 858 2916 an
873 2860 998 2916 uelimus
1011 2862 1216 2933 herbipolense
1229 2863 1385 2933 collegium
1398 2862 1548 2935 auspicari,
1560 2861 1582 2915 si

368 2973 404 3010 ea
414 2961 598 3027 praestentur
611 2954 649 3006 ab
662 2951 811 3023 episcopo,
826 2967 901 3022 quae
910 2950 947 3005 ad
956 2952 1114 3021 collegium
1125 2959 1259 3023 spectant
1268 2970 1305 3006 ex
1315 2969 1395 3008 more
1406 2954 1498 3008 nostri
1510 2951 1582 3007 insti-

369 3044 435 3101 tuti.
459 3043 533 3097 Nam
556 3041 674 3096 omnino
695 3040 879 3095 obfirmatum
903 3055 969 3094 esse
986 3041 1072 3095 huius
1095 3041 1236 3097 antistitis
1252 3041 1380 3096 animum
1402 3042 1434 3097 in
1453 3039 1582 3114 erigenda

368 3135 479 3202 schola,
492 3131 528 3186 ad
541 3148 628 3203 quam
641 3129 714 3185 alios
727 3128 800 3184 uelit
812 3128 994 3200 professores
1007 3145 1169 3199 accersere,
1183 3132 1208 3185 si
1221 3131 1346 3186 nolimus
1359 3141 1475 3187 nostros
1487 3149 1521 3187 eo
1538 3131 1582 3186 de-

367 3223 490 3278 stinare.
508 3219 648 3274 Probauit
660 3218 777 3273 interim
795 3218 998 3289 cancellarius,
1011 3235 1077 3274 cum
1089 3218 1219 3275 dicerem
1232 3221 1316 3276 nobis
1328 3221 1478 3276 insuetum
1491 3229 1519 3276 et
1531 3236 1584 3274 mo·

367 3315 474 3368 lestum
488 3326 554 3364 esse
568 3323 676 3380 paucos
689 3307 771 3378 dare,
784 3315 815 3362 et
824 3305 1006 3378 professores
1019 3315 1132 3362 tantum
1146 3303 1275 3378 mittere;
1286 3319 1331 3364 sat
1340 3326 1407 3365 esse
1418 3313 1545 3382 putabat,
1556 3309 1578 3364 si

367 3402 472 3456 saltem
485 3399 521 3454 ad
534 3406 677 3452 aestatem
691 3395 826 3450 mittendi
841 3413 923 3467 spem
936 3394 1112 3452 faceremus.
1131 3397 1260 3454 Adiunxi
1268 3401 1323 3454 hac
1334 3399 1371 3455 de
1381 3417 1413 3454 re
1423 3401 1495 3454 nihil
1506 3415 1582 3472 posse

367 3488 512 3554 concludi,
523 3487 579 3542 nisi
589 3484 794 3542 consentiente
804 3485 843 3539 R.
857 3485 912 3555 T.,
924 3493 954 3540 et
964 3503 1042 3540 nunc
1051 3486 1167 3542 Patrem
1180 3488 1411 3544 commissarium
1422 3507 1481 3545 non
1491 3490 1580 3562 procul

367 3581 488 3644 abesse,
505 3575 556 3649 qui
575 3575 713 3630 maiorem
731 3591 818 3646 quam
836 3591 892 3644 ego
911 3574 1117 3630 authoritatem
1137 3576 1299 3633 obtineret:
1318 3594 1384 3634 com
1401 3580 1457 3634 hoc
1474 3593 1580 3652 quoque

367 3684 454 3740 posse
465 3665 591 3722 conferri
613 3664 776 3734 negotium.
791 3663 943 3718 Indicabat
956 3663 1006 3718 ille
1023 3663 1185 3720 antistitem
1201 3667 1286 3721 breui
1303 3665 1435 3722 fortassis
1453 3674 1581 3722 euocatu-

366 3775 431 3812 rum
444 3755 480 3809 P.
497 3755 643 3822 Natalem,
658 3751 825 3824 priusquam
839 3769 855 3806 e
869 3751 1027 3808 Germania
1040 3753 1090 3808 ille
1102 3752 1246 3810 discedat.
1264 3756 1351 3826 Quod
1364 3755 1389 3810 si
1402 3756 1465 3826 fiet,
1476 3774 1531 3812 uon
1543 3756 1580 3810 in·

366 3846 532 3900 consultum
551 3849 683 3914 putarem
697 3848 729 3895 ut
746 3841 801 3894 hac
819 3839 848 3894 in
866 3849 949 3912 parte
967 3843 1043 3896 bono
1059 3842 1289 3912 gratificaremur
1305 3844 1455 3917 episcopo,
1473 3855 1504 3900 et
1519 3859 1579 3898 con·

365 3933 550 3989 cluderemus
564 3930 683 3985 tandem
701 3928 811 4001 aliquid
823 3930 861 3996 (si
879 3928 920 3984 ita
936 3932 1101 3986 consentiat
1117 3932 1153 3986 R.
1171 3933 1226 4000 T.)
1243 3933 1281 3988 de
1297 3935 1422 4004 collegio
1434 3936 1536 3989 saltem
1547 3931 1580 3988 ad

366 4020 487 4078 aestatis
500 4020 673 4092 principium
687 4020 734 4074 uel
753 4018 881 4074 medium
894 4019 1067 4076 inchoando.
1083 4021 1149 4092 Qua
1161 4022 1198 4077 de
1211 4040 1243 4077 re
1256 4025 1367 4079 moneri
1379 4025 1467 4096 cupio
1480 4025 1513 4078 P.
1530 4022 1582 4076 Na-

368 4113 455 4166 talem
469 4117 501 4164 ut
514 4109 688 4181 explicatam
700 4109 809 4163 habeat
821 4109 999 4163 sententiam
1012 4109 1047 4164 R.
1058 4109 1112 4178 T.,
1123 4111 1295 4167 affirmatius
1305 4111 1429 4180 scilicet,
1441 4115 1488 4169 uel
1502 4127 1581 4182 nega·

366 4199 439 4270 tiue,
453 4218 490 4255 ue
502 4198 612 4254 diutius
626 4215 802 4269 suspensum
821 4206 975 4252 teneamus
987 4198 1118 4271 episcopi
1131 4200 1288 4256 animum.»

419 4291 451 4343 In
465 4287 653 4360 post-scripto
667 4285 799 4357 ejusdem
813 4288 957 4359 epistolae
967 4289 1040 4343 haec
1050 4288 1161 4344 addidit
1171 4287 1319 4362 Canisius,
1328 4293 1365 4346 ab
1374 4291 1480 4347 eodem
1493 4301 1583 4346 tamen

364 4378 547 4448 amanuensi,
560 4379 610 4450 qui
622 4385 739 4432 caetera
757 4376 893 4449 scripsit,
911 4385 1044 4432 exarata:
1064 4377 1180 4450 ‹rJussit
1197 4377 1229 4433 P.
1250 4379 1363 4436 Natalis
1381 4381 1504 4436 reserari
1520 4394 1582 4434 suas

365 4469 489 4538 litteras,
502 4483 576 4539 quae
591 4465 662 4521 mihi
675 4466 834 4538 prudenter
847 4467 920 4522 satis
932 4475 1091 4539 conceptae
1102 4467 1250 4540 uidentur,
1260 4467 1317 4524 nisi
1330 4469 1407 4542 quod
1416 4469 1477 4526 falli
1491 4468 1581 4525 uidea-

364 4567 412 4610 tur
424 4565 475 4611 aut
487 4558 611 4610 obscure
630 4557 720 4628 loqui,
739 4556 790 4612 ubi
807 4556 910 4612 scribit
927 4557 1004 4612 circa
1021 4557 1169 4628 angariam
1187 4557 1358 4629 proximam,
1372 4560 1427 4614 hoc
1440 4569 1497 4629 est,
1509 4557 1579 4614 circa

364 4643 472 4699 festum
487 4646 523 4697 D.
540 4645 658 4715 Lueiae,
672 4647 780 4701 nostris
798 4646 981 4718 pendendam
995 4663 1062 4700 esse
1074 4653 1206 4718 quartam
1220 4656 1332 4720 partem
1345 4646 1503 4719 redituum,
1518 4646 1537 4700 i.
1550 4660 1590 4698 e.¹
