3544 5390
385 381 437 450 548
849 379 1153 436 Ε1131.Ρ.Ν111111.
1273 381 1283 408 ⁹

381 531 629 634 magisterium,
648 542 683 598 et
698 551 817 601 sacrae
833 531 1032 634 theologiae
1044 553 1182 617 operam
1198 532 1280 600 dare
1295 551 1483 618 coeperam,
1496 505 1596 618 magis

383 635 496 688 tamen
511 620 651 707 linguis.
672 623 703 688 8.
725 619 903 689 Omnino
895 643 929 685 tn
941 620 1100 688 omnibus
1112 621 1221 687 stabo
1236 643 1269 708 9.
1284 619 1488 689 Samssrmus
1499 641 1593 686 eram

388 731 437 778 10.
454 712 556 777 Nulla
568 730 717 777 omnmo
738 729 789 776 12.
808 712 936 777 Decem
951 721 1052 776 erunt
1068 709 1148 774 anni
1163 731 1198 776 in
1211 709 1298 776 festo
1310 730 1460 775 omnium
1472 720 1595 775 sancto

384 819 472 880 rum,
491 801 583 884 quod
599 797 763 866 Coloniae
780 809 938 883 receptus
955 797 1075 866 fuerim
1093 820 1113 862 a
1129 800 1170 865 R.
1192 801 1230 864 P.
1258 798 1464 865 Leonardo'
1455 821 1487 863 m
1503 799 1596 864 domo

383 888 457 955 eius
485 888 576 973 apud
602 891 646 954 D.
672 888 843 954 Vrsulam.
868 886 1090 953 Examinatus
1109 885 1245 970 quidem
1266 898 1348 952 tunc
1371 907 1441 952 non
1460 887 1522 965 fui,
1543 889 1596 952 sed

385 980 524 1056 Rornae,
543 981 612 1061 quo
629 975 707 1042 veni
723 997 813 1042 anno
831 989 913 1060 1553
925 974 960 1040 in
975 975 1078 1042 Maio,
1098 993 1148 1059 13.
1164 975 1254 1041 Feci.
1275 993 1324 1057 14.
1340 975 1504 1042 Sacerdos
1515 997 1594 1041 sum.

389 1083 440 1148 15.
459 1068 586 1132 Romae
599 1063 744 1133 triennio
757 1064 921 1144 habitaui,
935 1064 1100 1131 Coloniae
1112 1063 1241 1148 reliquo
1254 1074 1417 1148 tempore.
1437 1065 1485 1130 16.
1501 1066 1594 1129 Exer-

385 1154 465 1220 citia
483 1153 546 1219 ieci
562 1175 622 1238 per
642 1175 806 1232 mensem,
830 1171 894 1219 am
916 1163 951 1218 et
972 1171 1037 1236 3³¹¹
1061 1174 1137 1219 non
1154 1151 1230 1234 feci,
1248 1150 1384 1234 4.mseci
1408 1155 1532 1220 Romae
1545 1175 1597 1237 per

386 1255 455 1308 tres
471 1263 616 1310 menses
637 1241 703 1308 Hic
720 1243 827 1307 doceo
843 1241 1088 1308 catechismum
1104 1239 1290 1306 sabbatinis
1306 1252 1340 1308 et
1356 1239 1461 1307 sacris
1476 1240 1596 1306 diebus.

385 1334 464 1398 Non
479 1329 702 1396 concionatus
719 1351 807 1409 sum,
826 1332 886 1398 sed
903 1329 1136 1397 confessiones
1153 1328 1255 1394 audio
1270 1340 1462 1395 nostrorum
1479 1328 1597 1394 studio-

385 1441 515 1486 sorum.
539 1437 588 1500 17.
610 1419 687 1486 Alia
703 1441 770 1484 non
788 1418 858 1484 scio
875 1440 930 1486 me
952 1419 1085 1499 fecisse,
1108 1417 1172 1484 nisi
1189 1418 1283 1503 quod
1298 1440 1357 1503 per
1373 1440 1434 1486 sex
1454 1439 1555 1484 annos
1570 1430 1599 1485 et

387 1508 533 1593 amplius
553 1507 608 1572 hic
629 1507 813 1574 docuerim.
842 1509 893 1573 18.
916 1507 997 1573 Feci
1017 1519 1098 1573 vota
1118 1505 1297 1580 Societatis
1317 1506 1529 1572 scholarium.
1551 1525 1595 1592 19.

389 1599 484 1663 Bona
501 1595 632 1681 propria
649 1596 741 1661 nulla
756 1597 878 1662 habeo:
897 1598 1034 1680 quando
1050 1607 1144 1680 pater
1159 1594 1257 1676 viuit,
1272 1595 1395 1674 omnia,
1415 1607 1453 1660 vt
1464 1595 1596 1672 videtur,

387 1695 469 1751 sunt
485 1684 521 1749 in
537 1684 611 1751 eius
627 1695 806 1768 potestate.
827 1702 879 1750 20.
892 1687 996 1750 ⁴Bona
1017 1683 1223 1751 valetudine:
1246 1695 1324 1750 ante
1345 1683 1516 1750 biennium
1531 1703 1597 1749 sca·

388 1775 443 1842 bie
460 1785 604 1840 vexatus
619 1794 707 1838 sum.
732 1791 786 1840 21.
811 1775 960 1839 Paruum
976 1795 1117 1840 examen
1135 1772 1314 1841 Societatis
1330 1794 1398 1839 non
1415 1773 1595 1852 habuimus,

389 1861 454 1928 nisi
471 1861 505 1926 in
527 1859 718 1945 Septembri
739 1861 972 1946 praecedentis
992 1861 1083 1927 anni.
1107 1863 1230 1928 Nullus
1254 1884 1308 1929 me
1328 1883 1369 1928 eo
1389 1860 1594 1937 examinauit,

388 1952 449 2017 sed
464 1971 530 2036 ego
543 1949 637 2015 alios.
653 1949 911 2017 Confessionem
925 1952 1119 2036 generalem
1131 1949 1276 2036 singulis
1288 1970 1348 2016 sex
1360 1951 1530 2016 mensibus
1542 1947 1597 2015 feci

390 2043 430 2106 R.
457 2041 495 2106 P.
520 2039 714 2117 Leonardo,
738 2037 797 2123 qui
819 2038 917 2104 aliam
938 2039 1104 2106 rationem
1127 2061 1195 2104 non
1217 2037 1382 2123 cupiuita
1409 2061 1461 2104 me
1480 2037 1595 2104 audire.

391 2147 444 2194 22.
464 2129 636 2194 Constans
656 2148 731 2192 sum
748 2147 826 2192 cum
847 2127 957 2212 gratia
979 2127 1061 2207 Dei,
1084 2149 1145 2213 pro
1165 2125 1346 2195 Societatis
1368 2126 1511 2195 vtilitate
1525 2123 1598 2191 mori

391 2227 539 2302 paratus.
561 2235 614 2299 23.
633 2214 836 2282 indifferens
856 2217 899 2281 ad
920 2216 1043 2282 omnia.
1071 2234 1124 2296 24.
1149 2214 1309 2282 Libenter
1328 2216 1451 2296 doceo;
1471 2217 1599 2281 libenter

315 2365 318 2372 .
390 2305 621 2383 concionarer‚
640 2325 669 2369 31
659 2303 837 2389 linguam
850 2304 1021 2370 haberem
1038 2304 1153 2369 Patria
1164 2303 1299 2390 lingua
1314 2315 1350 2368 vt
1367 2268 1451 2368 mihi
1466 2303 1598 2382 videtur,

391 2394 478 2460 habe
480 2414 550 2458 rem
568 2391 711 2476 gratiam
733 2391 839 2458 verbi.
863 2394 963 2458 Hanc
983 2392 1135 2478 linguam
1156 2392 1384 2500 germanicam
1404 2392 1599 2478 superiorem

389 2482 447 2547 vix
464 2503 601 2565 possum
618 2480 760 2549 discere

459 2572 526 2636 Pro
539 2569 761 2636 scholasticis.
782 2587 808 2634 1.
823 2567 899 2634 Ab·
891 2579 1030 2637 ineunte
1046 2579 1158 2634 aetate
1173 2568 1208 2634 in
1220 2569 1341 2653 studijs
1353 2569 1516 2636 educatus
1526 2589 1598 2634 sum.

394 2657 645 2742 Philosophiam
665 2657 807 2723 Louanii
830 2679 889 2742 per
912 2658 998 2723 duos
1015 2679 1123 2724 annos
1142 2679 1222 2723 cum
1245 2657 1385 2723 dimidio
1405 2657 1535 2725 circiter
1548 2678 1601 2721 au·

391 2747 474 2813 diui.
495 2747 631 2813 Interim
649 2746 684 2810 in
701 2744 884 2827 Societate,
903 2745 1024 2830 partim
1042 2747 1233 2833 theologiae
1248 2746 1364 2812 studui
1381 2749 1518 2825 Romae,
1535 2767 1586 2830 pat

393 2834 452 2900 tim
467 2834 521 2900 hic
535 2835 707 2901 Coloniae:
724 2833 824 2904 etiarn
838 2835 937 2901 docui
951 2844 1023 2899 toto
1035 2845 1197 2918 tempore,
1208 2855 1276 2937 quo
1288 2833 1344 2900 hic
1357 2835 1482 2901 fuimus
1487 2853 1601 2916 ,usque

392 2926 435 2990 ad
452 2923 659 3007 paschaiam
681 2924 843 3008 elapsum'.
871 2942 902 2989 2.
927 2925 1014 2990 Cum
1036 2923 1150 2989 studio
1169 2923 1283 2990 sanior
1303 2946 1396 3003 sum,
1420 2923 1601 3009 quemdum

392 3012 496 3088 ocior
517 3031 548 3096 3
564 3012 724 3078 Libenter
736 3014 858 3080 studeo
870 3033 986 3078 sacrae
999 3012 1201 3098 theologiae
1219 3011 1370 3098 Linguas
1383 3023 1496 3080 tamen
1506 3010 1602 3076 lrben

394 3101 523 3166 tissime
543 3101 769 3202 addiscerem,
796 3101 876 3184 quia
896 3102 1117 3166 fundamenta
1137 3121 1281 3186 graecae
1301 3113 1334 3166 et
1356 3100 1533 3168 hebraicae
1551 3096 1603 3164 ali·

393 3191 530 3276 quando
545 3190 632 3275 cepi,
652 3190 776 3275 quibus
792 3190 863 3256 fere
879 3211 938 3274 per
954 3189 1127 3256 biennium
1145 3189 1260 3256 studui
1276 3203 1356 3256 ante
1374 3185 1567 3257 Societatis'
1560 3207 1604 3250 m

352 3323 356 3336 ·
395 3299 563 3360 gressum.
588 3299 620 3360 4.
644 3280 696 3345 De
718 3277 878 3344 memoria
900 3299 967 3343 non
990 3279 1134 3343 multum
1159 3277 1272 3345 dicere
1292 3299 1446 3363 possum;
1469 3290 1604 3373 ceterum

395 3366 528 3433 facilius
544 3366 662 3434 videor
677 3368 931 3451 apprehendere
947 3377 981 3432 et
997 3366 1198 3452 intelligere.
1225 3383 1255 3468 5.
1280 3367 1316 3431 111
1338 3365 1574 3468 philosophia
1561 3361 1604 3426 vi-

394 3457 478 3522 deor
490 3455 572 3520 mihi
589 3456 799 3540 aliquantum
815 3454 1026 3540 promouisse
1041 3454 1236 3536 docendo;
1228 3478 1261 3521 1n
1279 3455 1605 3540 1112010812121111110·

396 3567 519 3611 moueo
535 3544 697 3628 quotidie.
717 3544 745 3608 6.
765 3545 803 3608 ln
820 3544 949 3609 artibus
965 3543 1099 3627 suscepi
1115 3543 1349 3629 magisterium
1372 3544 1512 3627 Louanij
1528 3559 1605 3606 anno

398 3651 452 3716 513
468 3631 630 3699 Coloniae
646 3632 884 3698 doctoratum
876 3654 911 3697 tn
929 3631 1099 3717 theologia
1116 3643 1205 3698 ann'o
1217 3633 1272 3698 60.
1287 3649 1319 3714 7.
1334 3567 1530 3698 indiffereris
1541 3647 1605 3694 sum

396 3724 438 3787 ad
455 3721 579 3787 omnia
599 3723 631 3787 8
652 3720 859 3788 Omnibus''
838 3743 879 3805 113
895 3723 997 3788 rebus
1013 3743 1148 3806 operam
1166 3722 1266 3800 dab0,
1285 3742 1372 3805 quae
1389 3717 1605 3821 superioribus

396 3813 542 3897 placent.
570 3833 604 3896 9.
633 3812 721 3896 Ego
731 3811 774 3875 ad
801 3809 913 3875 omnia
941 3830 995 3875 me
1022 3819 1176 3913 paratum
1204 3810 1313 3877 sentio
1340 3809 1375 3875 in
1398 3803 1604 3880 conscientia,

397 3899 499 3966 etiam
521 3901 643 3967 docere
665 3921 723 3983 per
743 3921 878 3964 omnem
900 3919 1009 3964 meam
1032 3898 1134 3963 vitam
1150 3898 1186 3963 in
1203 3897 1318 3964 infima
1337 3898 1447 3965 classe
1462 3895 1607 3984 alphabe-

398 4001 482 4054 tum.
502 3987 706 4053 Franciscus
723 3988 898 4054 Costerus.
1164 4011 1184 4054 ο

467 4079 534 4142 Ρ1ο
551 4075 733 4156 magistris.
763 4094 790 4141 1.
817 4079 932 4142 Doceo
957 4075 1163 4160 theologiam
1186 4085 1320 4140 nostros
1340 4087 1561 4172 preceptores,
1580 4078 1609 4132 et

398 4164 588 4232 sabbatinis
606 4165 769 4248 festisque
785 4163 906 4231 diebus
922 4162 1102 4230 lectionem
1120 4162 1208 4229 facio
1224 4161 1325 4229 trium
1342 4162 1499 4229 classium
1519 4155 1605 4225 disci·

399 4252 514 4339 pulis
506 4276 540 4320 m
557 4253 765 4320 catechismo
782 4253 907 4320 maiore
924 4252 1075 4338 Canysij,
1094 4252 1197 4336 idque
1212 4275 1232 4318 a
1248 4252 1335 4318 sesto
1352 4251 1529 4336 paschatis.
1544 4249 1608 4313 An-

401 4354 455 4409 tea
471 4365 606 4426 semper
619 4342 720 4408 docui
733 4339 993 4442 philosophiam.
1009 4360 1043 4406 2.
1065 4341 1191 4408 Videor
1203 4339 1285 4406 mihi
1298 4339 1510 4406 mediocriter
1520 4343 1608 4421 aptus
1640 4331 1646 4353 '

399 4432 442 4496 ad
446 4432 665 4533 docendum,
685 4443 719 4498 et
735 4429 845 4514 aptior
865 4451 974 4497 essem
996 4430 1023 4494 si
1044 4429 1225 4515 diligenter
1245 4449 1299 4494 me
1320 4429 1354 4493 in
1378 4426 1505 4516 linguis
1523 4443 1607 4490 exer·

396 4520 557 4602 cuissem,
588 4521 690 4587 etiam
718 4519 835 4586 latina.
865 4517 1032 4604 Discipuli
1059 4518 1123 4584 visi
1149 4529 1230 4584 sunt
1257 4517 1321 4583 sub
1348 4537 1403 4584 me
1424 4512 1604 4604 profecisse
