3464 5386
355 443 408 514 372
772 443 878 500 Eersr.
901 440 936 498 P.
956 437 1159 496 Nem-³06

349 595 464 668 tecido
486 602 506 662 t
527 598 570 664 Ν.
597 597 638 664 Ρ.
661 594 889 664 conueniente
915 615 982 681 que
1004 614 1093 680 uaya
1118 599 1139 660 ά
1166 591 1365 679 Portugallo
1394 593 1421 673 ¹;
1443 611 1570 678 porque

349 723 448 780 staua
463 733 561 781 come
576 733 624 779 un
639 713 784 779 hombre
798 709 920 779 initiie
936 709 1252 778 enflacheciendose
1271 709 1356 776 cada
1371 709 1428 774 dia
1442 712 1514 774 mes
1530 729 1571 775 en

349 829 381 895 la
401 828 500 896 salud
521 848 564 895 en
585 838 676 896 estas
696 837 821 914 partes.
844 828 898 894 De
921 826 954 892 lo
974 825 1019 891 de
1038 826 1071 893 la
1093 823 1271 892 fundation
1292 824 1348 890 del
1369 822 1513 911 collegio
1529 822 1571 891 de

349 944 457 1010 Roma
473 941 631 1010 scriuirse
647 945 690 1010 ha
706 963 786 1028 para
802 963 867 1008 con
882 941 914 1009 el
931 939 1078 1026 primero
1098 939 1127 1006 si
1147 939 1291 1009 huuiere
1311 941 1404 1026 algo.
1428 940 1470 1006 N.
1490 940 1532 1004 P.
1548 957 1571 1024 y

350 1059 401 1128 los
415 1059 533 1126 demtis
548 1078 611 1124 nos
627 1056 947 1125 encommendamos
963 1058 1088 1122 mucho
1109 1077 1152 1124 en
1172 1057 1223 1122 las
1239 1054 1414 1122 oraciones
1429 1075 1452 1139 y
1467 1051 1570 1120 sacri-

348 1172 447 1242 ficios
463 1173 507 1241 de
523 1173 566 1240 V.
586 1175 627 1240 R.
646 1195 668 1258 y
684 1173 727 1241 de
743 1182 809 1240 ete.
828 1174 882 1241 De
898 1173 1041 1250 Tremo,
1059 1169 1084 1236 li
1102 1185 1142 1254 25
1160 1172 1204 1238 de
1220 1171 1355 1257 Agosto
1375 1170 1468 1254 1563.

906 1418 1003 1480 808

701 1571 733 1626 P.
755 1569 935 1643 JOANNES
956 1571 1008 1626 DE
1028 1567 1219 1629 POLANCO

826 1730 864 1769 ex
882 1713 1090 1770 commissione

597 1858 757 1926 PATRI
791 1858 1114 1926 HIERONYMO
1139 1858 1325 1926 NADAL

706 2029 868 2088 imorum,
888 2015 920 2072 31
941 2029 1080 2073 ineusrr
1100 2015 1169 2087 1563
1187 2021 1209 2072 ².

349 2155 376 2197 1.
389 2141 520 2198 Litterae
530 2143 793 2199 commendatitiae
802 2142 998 2214 imperatoris
1006 2148 1065 2215 pro
1074 2159 1202 2198 rontano
1211 2143 1338 2216 collegio
1346 2143 1562 2216 promerendae.

399 2245 462 2287 -2.
477 2231 523 2286 De
539 2232 727 2302 synode-3.
747 2231 865 2286 Itinera
882 2231 1052 2286 cardinalis
1068 2233 1315 2304 augment-4.
1335 2231 1381 2288 De
1394 2232 1561 2288 Soeiuatm

399 2320 531 2375 concilio
537 2319 748 2392 approbanda.

418 2464 446 2513 1.
496 2447 568 2511 Pax
584 2443 663 2530 Xpi.
683 2445 722 2512 L'
738 2443 856 2512 ultime
871 2447 936 2514 che
951 2444 1108 2512 habiamo
1123 2448 1167 2514 de
1182 2448 1225 2514 V.
1239 2448 1279 2514 R.
1296 2467 1404 2514 sonno
1414 2446 1458 2512 de
1469 2445 1499 2531 xj
1512 2443 1563 2512 del

349 2571 507 2648 presente
528 2561 553 2640 ³,
572 2561 663 2646 dopo
683 2561 715 2627 le
731 2558 823 2646 quali
839 2559 981 2641 riceute,
1000 2560 1059 2628 noi
1079 2563 1225 2628 hauemo
1247 2561 1366 2630 scritto
1385 2560 1443 2628 doi
1463 2560 1559 2640 uolte,

334 2674 577 2744 ¹continuando
596 2698 617 2743 a
640 2675 725 2742 farlo
742 2674 825 2762 ogni
847 2675 1040 2756 settimana3
1070 2685 1105 2745 et
1121 2698 1190 2744 non
1215 2677 1389 2764 sappiamo
1405 2697 1443 2746 se
1458 2677 1498 2744 V.
1519 2677 1559 2742 R.

339 2781 440 2858 'serre
455 2801 585 2859 uenuto
600 2790 643 2858 de
659 2791 794 2858 Vienna
809 2791 875 2858 alla
891 2791 985 2857 uolta
995 2792 1039 2858 de
1055 2793 1183 2878 Ispruc‚
1201 2813 1224 2858 o
1239 2813 1322 2861 uero
1337 2793 1380 2859 de
1396 2793 1559 2879 Augusta,

348 2915 384 2973 et
398 2905 469 2972 cosi
484 2915 606 2991 questa
621 2926 659 2973 se
675 2904 824 2972 indrizza
839 2905 969 2992 peruia
984 2905 1027 2973 de
1043 2907 1172 2994 Ispruc‚
1191 2929 1246 2976 ma
1261 2909 1294 2976 le
1304 2905 1497 2995 precedenti
1508 2925 1562 2991 per

348 3022 521 3107 Augusta.
545 3020 583 3090 Si
610 3021 780 3088 mandano
801 3020 861 3107 qui
880 3022 949 3091 due
975 3021 1096 3090 lettere
1120 3021 1355 3090 ultimamente
1381 3021 1506 3090 rieeute
1529 3018 1562 3085 di

349 3137 457 3202 Roma
477 3136 532 3203 del
549 3137 590 3203 P.
613 3135 797 3203 Francisco
816 3147 852 3203 et
878 3138 922 3204 D.
948 3137 1092 3206 Madrid.
1120 3136 1290 3206 Serrebbe
1316 3136 1513 3224 expediente
1526 3155 1561 3202 se

349 3253 532 3318 hauessero
552 3251 584 3318 le
609 3251 731 3320 lettere
757 3252 814 3320 del
841 3253 1047 3338 imperatore
1074 3254 1106 3320 al
1133 3253 1235 3320 modo
1254 3252 1410 3335 scritto⁴,
1423 3262 1458 3320 et
1472 3270 1560 3318 sene

348 3363 462 3430 seriue
489 3366 521 3431 al
538 3366 579 3434 P.
610 3365 762 3433 Victoria
788 3376 823 3434 et
851 3369 891 3434 P.
922 3369 1052 3454 Lanoy.
1082 3367 1118 3437 Si
1140 3368 1264 3434 mande
1286 3389 1355 3435 una
1380 3370 1498 3438 lettera
1511 3365 1560 3434 del

244 3550 250 3558 ,
350 3481 391 3546 P.
406 3480 533 3563 Araoz,
547 3491 582 3547 et
598 3483 643 3548 N.
662 3482 702 3547 P.
720 3481 745 3546 li
759 3483 805 3548 ha
819 3481 938 3548 scritto
953 3484 997 3551 de
1012 3503 1075 3550 sua
1087 3503 1188 3550 mano
1199 3484 1437 3551 demandando
1449 3493 1557 3570 gente,

346 3593 461 3661 etsie
476 3595 594 3662 scritto
609 3595 633 3660 il
649 3595 758 3664 simile
769 3596 826 3664 alli
838 3596 1038 3684 prouinciali
1053 3597 1089 3663 di
1104 3599 1254 3684 spagna.
1272 3597 1377 3665 Primi
1388 3598 1423 3666 di
1434 3600 1477 3668 de
1488 3599 1559 3668 Set-

346 3709 477 3778 tembre
491 3709 521 3776 si
532 3709 733 3778 inuiaranno
748 3711 852 3798 quelli
868 3733 905 3780 se
921 3715 1035 3781 hanno
1055 3715 1099 3782 de
1119 3712 1280 3781 mandare
1305 3711 1341 3779 in
1361 3715 1556 3802 Alemagna.

345 3824 461 3893 Serria
476 3827 505 3891 al
524 3822 698 3912 proposito
710 3825 745 3892 in
761 3837 884 3912 questo
900 3849 1016 3896 mezzo
1028 3828 1057 3896 si
1070 3828 1241 3896 mandassi
1252 3828 1388 3897 viatico

415 3957 446 4006 2.
495 3941 561 4009 Del
572 3941 717 4008 concilio
732 3941 756 4008 il
773 3945 812 4010 P.
833 3943 988 4011 Oliuerio
1004 3945 1328 4032 'darriragueglio
1343 3945 1389 4014 Se
1400 3942 1515 4012 dubita
1526 3963 1559 4010 se

343 4053 376 4122 si
392 4053 480 4122 farre
496 4057 528 4122 la
544 4055 706 4138 sessione,
725 4058 754 4124 si
770 4078 830 4144 per
846 4080 916 4126 non
931 4080 1025 4126 esser
1040 4059 1182 4127 diffinite
1198 4059 1229 4127 le
1246 4059 1415 4146 questioni
1431 4059 1471 4126 de
1491 4079 1559 4125 ma·

406 4208 414 4241 ¹
452 4206 528 4262 Vide
541 4206 629 4279 epist.
644 4223 707 4281 299,
721 4227 750 4264 n.
769 4220 796 4278 7.

400 4299 412 4330 ²
448 4297 492 4350 Ex
504 4296 646 4370 Regesto,
661 4296 734 4354 Cod.
749 4313 783 4370 33
796 4299 839 4366 d),
853 4299 904 4356 fol.
922 4311 983 4371 194.
998 4301 1032 4356 In
1046 4299 1186 4372 margine:
1201 4301 1239 4356 P.
1253 4301 1373 4358 Natale.

401 4385 412 4418 ¹
449 4384 525 4440 Vide
538 4385 625 4458 epist.
639 4385 702 4456 303,
717 4405 745 4444 n.
765 4385 792 4444 3.

400 4475 412 4508 ⁴
449 4473 578 4531 Litterae
598 4475 711 4532 scilicet
730 4477 913 4549 imperatorie
931 4477 968 4532 ed
983 4477 1152 4550 pontificem
1169 4478 1304 4535 instando
1321 4495 1373 4552 pro
1389 4479 1505 4551 collegii
1520 4493 1559 4534 ro·

346 4563 424 4618 mani
437 4563 597 4621 dotatione.
612 4565 689 4621 Vide
702 4567 789 4638 epist.
804 4565 868 4637 300,
883 4585 912 4622 n.
930 4579 954 4636 13
970 4577 1000 4624 et
1013 4566 1078 4641 302,
1091 4585 1121 4626 n.
1135 4566 1163 4624 3.
1247 4605 1252 4616 ·

399 4654 411 4687 ⁸
447 4653 612 4711 Manareus.
627 4653 702 4710 Vide
715 4654 802 4728 epist.
817 4653 881 4726 303,
896 4673 925 4712 n.
942 4668 967 4711 1.
