3666 5384
366 454 386 508 6
794 455 828 509 P.
843 455 985 512 Narnns
1003 455 1169 513 Eranusa.

369 606 473 674 tionis
501 623 554 674 υ
584 607 756 693 Panormj.
786 606 952 694 Magister
979 607 1145 676 Claudius
1170 610 1215 679 de
1240 609 1387 697 collegio
1414 610 1595 680 viennensi

370 723 455 810 agit.
481 721 630 792 Mittitur
655 721 819 810 magister
844 722 996 790 Lanoius
1021 745 1101 791 cum
1128 723 1236 811 socijs.
1267 725 1415 794 Mittitur
1435 725 1490 816 [P.
1519 729 1607 794 Do·-

371 837 527 930 menech]
542 838 735 908 Valentiam
755 838 823 906 80
842 839 886 905 ad
906 838 1102 925 collegium,
1121 841 1213 925 quod
1233 839 1458 927 applicatione
1478 842 1521 908 ad
1550 862 1591 926 30

370 975 480 1021 annos
506 962 697 1039 prouentus
723 953 784 1020 suiv
804 953 1025 1021 canonicatus
1052 965 1087 1022 et
1114 954 1316 1042 patrimonio
1338 966 1513 1042 praeterea
1528 978 1592 1024 sno

371 1069 551 1136 fundatum
578 1079 663 1137 erat.
689 1069 837 1137 Multum
863 1070 998 1136 confert
1013 1079 1048 1137 et
1067 1068 1103 1136 in
1130 1071 1217 1156 alijs,
1239 1081 1276 1138 et
1295 1073 1388 1156 quod
1407 1071 1531 1152 emitur
1550 1094 1593 1140 err

370 1183 586 1254 eleemosinis
611 1185 746 1252 domus.
772 1186 812 1251 P.
843 1183 985 1264 Natalis,
1015 1185 1233 1270 prouincialis
1254 1185 1391 1255 Siciliae
1417 1185 1515 1253 iuuat
1540 1187 1593 1253 vi-

370 1319 527 1386 ceregem
543 1299 579 1364 in
594 1298 755 1385 operibus
771 1299 836 1385 pijs
856 1298 992 1385 publice
1007 1298 1192 1386 erigendis,
1210 1300 1434 1387 eleemosynis
1450 1301 1596 1387 publicis

370 1413 567 1501 erogandis,
585 1437 605 1483 e
621 1414 747 1500 quibus
762 1437 807 1482 ne
825 1414 964 1481 obolum
983 1413 1121 1500 quidem
1136 1436 1285 1502 vnquam
1302 1415 1457 1502 accipere
1472 1416 1593 1498 voluit,

370 1539 517 1617 rogante
546 1527 717 1617 vicerege.
757 1530 936 1596 Fundetur
965 1527 1149 1616 collegium
1179 1529 1474 1616 panormitanum,
1507 1531 1598 1598 datis

371 1645 560 1712 redditibus
590 1667 611 1712 a
636 1644 790 1726 ciuitate,
819 1655 885 1711 etc.
919 1644 1064 1712 Carolus
1090 1645 1231 1731 quintus
1262 1645 1419 1712 concedit
1449 1645 1597 1732 collegio

370 1759 606 1845 panormitano
622 1760 709 1828 vniri
726 1759 895 1828 abbatiam
912 1762 1005 1830 stae
1022 1759 1149 1829 Mariae
1168 1761 1257 1830 della
1276 1762 1411 1842 Grotta,
1429 1749 1595 1847 quaeda·

371 1875 472 1942 batur
487 1875 553 1942 iam
569 1876 649 1943 olim
665 1875 700 1942 in
716 1877 966 1957 commendam,
984 1897 1048 1944 nec
1067 1877 1136 1944 vlla
1150 1888 1203 1943 est
1219 1897 1360 1963 prorsus
1386 1875 1595 1943 monachalis

371 1991 580 2060 obseruatio.
600 1995 640 2060 P.
663 1992 795 2060 Natalis
815 1991 960 2059 mittitur
982 1992 1238 2079 Aphrodisium,
1260 2013 1329 2078 quo
1351 1991 1574 2079 mittebatur!

369 2107 489 2174 classis
517 2107 711 2195 quindecim
736 2107 923 2174 triremium
943 2129 1021 2174 cum
1042 2109 1295 2194 supplement0,
1320 2118 1402 2186 etc,
1420 2117 1597 2193 assumpto

370 2222 464 2290 socio
480 2221 644 2310 magistro
659 2223 801 2290 Isidoro.
822 2223 966 2308 2.a1u1ij
989 2223 1168 2310 naufragio
1190 2225 1209 2288 8
1231 2222 1385 2289 triremes
1404 2221 1593 2308 perierunt,

371 2348 408 2404 et
432 2339 532 2404 multi
557 2340 730 2422 mortales,
748 2350 783 2408 et
808 2339 845 2406 in
871 2339 925 2406 his
950 2339 1099 2406 isidorus
1126 2338 1181 2425 pie
1207 2359 1248 2406 ac
1275 2338 1419 2404 fortiter.
1449 2337 1595 2418 Natalis,

372 2475 499 2540 magno
521 2455 587 2520 Dei
613 2454 792 2536 beneficio,
821 2455 944 2535 euasit,
974 2465 1039 2522 etc.
1070 2453 1150 2521 Fuit
1177 2452 1372 2540 Aphrodisij
1396 2471 1418 2535 4
1445 2473 1595 2535 menseS,

371 2568 460 2635 iuuit
475 2568 599 2638 milites
614 2590 654 2636 ac
670 2571 877 2651 sacerdoteS,
895 2581 961 2638 etc.
981 2571 1069 2636 Cum
1086 2569 1241 2655 redijsset
1258 2571 1463 2649 Messanam,
1482 2578 1594 2634 trans-

371 2695 485 2750 actum
502 2695 556 2753 est
571 2687 615 2755 de
635 2695 799 2772 perpetua
815 2681 1015 2752 fundatione
1033 2683 1123 2752 illius
1143 2683 1291 2771 collegij,
1309 2694 1375 2750 etc.
1395 2685 1594 2750 Inchoatum

371 2799 555 2887 collegium
566 2801 820 2887 neapolitanum
832 2823 893 2887 per
910 2802 1004 2886 Mag.
1023 2799 1255 2868 Salmeronem
1267 2811 1303 2866 et
1315 2801 1409 2886 Mag.
1419 2798 1593 2867 Ouedum.

372 2915 506 2984 Deinde
532 2914 599 2982 iarn
626 2917 778 2983 secundo
808 2915 915 2982 nostri
946 2914 1089 2982 veniunt
1119 2915 1377 3002 lnglostadium,
1410 2923 1445 2980 et
1471 2915 1597 2980 docent

373 3051 498 3116 magna
513 3029 711 3100 celebritate
727 3033 768 3098 P.
798 3032 987 3111 Salmeron,
1013 3033 1052 3097 P.
1075 3030 1247 3113 Canisius,
1269 3040 1304 3098 et
1325 3033 1365 3097 P.
1394 3030 1593 3097 Gaudanus.

373 3147 452 3214 Non
469 3145 670 3232 transigitur
695 3147 749 3214 ut
771 3147 816 3214 de
835 3146 1001 3233 collegio;
1019 3147 1093 3229 sed,
1115 3147 1175 3232 qui
1196 3147 1327 3213 fructus
1352 3145 1418 3212 fuit
1437 3143 1596 3224 eximius,

373 3261 595 3348 incoeperunt
612 3262 810 3350 lnglostadij
828 3273 863 3329 et
878 3261 1033 3331 Viennae
1049 3261 1203 3349 germani
1219 3261 1363 3330 iuuenes
1378 3261 1423 3328 ad
1442 3258 1597 3330 Societa-

373 3387 443 3445 tem
458 3376 575 3463 recipi.
595 3378 811 3446 Ferrariense
826 3389 879 3447 est
891 3376 1074 3464 collegium
1087 3377 1296 3444 inchoatum:
1310 3386 1448 3462 apertae
1460 3375 1599 3442 scholae

372 3491 611 3558 humaniorum
631 3492 817 3573 literarum,
840 3515 901 3581 per
920 3496 968 3561 M.
992 3491 1214 3560 Paschasium
1235 3502 1270 3560 et
1289 3495 1336 3558 M.
1361 3488 1593 3559 Pelletarium.

373 3608 573 3674 inchoatum
594 3619 961 3696 ‚caesaraugustanum
989 3607 1175 3678 Accusatio
1202 3605 1356 3693 magistri
1380 3603 1514 3672 Ioannis
1540 3603 1596 3670 del

373 3723 538 3803 Mercat0,
556 3733 592 3789 et
611 3723 701 3790 actio
720 3725 885 3790 aduersus
906 3723 1013 3789 illurn.
1035 3722 1156 3809 Incipit
1176 3721 1386 3808 perturbatio
1401 3731 1594 3788 nostrorum

373 3837 408 3903 in
424 3837 569 3924 collegio
585 3837 857 3924 cohjmbricensi:
873 3840 920 3906 M.
940 3841 1076 3924 Laynez
1091 3838 1131 3904 fit
1143 3835 1360 3924 prouincialis
1375 3835 1502 3904 Italiae.
1525 3833 1531 3922 Ι

933 4022 1041 4094 [15152

441 4186 594 4252 Vocatur
615 4187 757 4252 Romam
778 4184 921 4266 Natalis,
946 4196 984 4251 vt
1005 4183 1136 4253 videret
1157 4183 1431 4263 constitutiones,
1453 4202 1494 4248 ac
1515 4203 1598 4268 pro·
1641 4212 1645 4219 ·

376 4299 557 4368 sessionem
584 4301 764 4368 emitteret:
794 4311 978 4386 vtrumque
1006 4299 1098 4382 fecie
1128 4301 1188 4368 sed
1215 4298 1477 4386 professionem,
1503 4297 1599 4364 iussu

376 4415 488 4484 Patris
504 4415 641 4503 Ignatii,
666 4437 773 4502 quum
789 4416 861 4503 ipse
876 4415 1020 4504 eligeret
1036 4437 1112 4485 esse
1139 4415 1316 4483 coadiutor
1333 4417 1356 4497 ¹3
1379 4413 1596 4494 errationes,

373 4577 573 4588 ...n—...—

427 4668 437 4701 ¹
474 4668 541 4724 Non
554 4670 631 4724 bene
643 4685 710 4724 curn
722 4668 769 4724 his
781 4667 940 4724 concordat
952 4667 1143 4739 Orlandinus,
1157 4667 1208 4741 qui
1225 4668 1299 4722 haec
1311 4665 1349 4722 de
1362 4665 1395 4720 P.
1409 4663 1507 4720 Natali
1525 4663 1596 4720 scri-
