3666 5384
351 493 371 535 X
696 481 888 538 Pnoossututt
905 491 1044 538 suenum
1062 493 1233 538 votumuss

349 631 432 712 sius,
450 633 611 713 Polanco‚
621 654 643 720 9
655 633 749 720 Aug.
765 634 820 717 65,
831 633 866 700 in
878 631 1220 719 appendice.)-«Est
1231 631 1321 700 enim
1335 641 1406 698 tota
1418 631 1570 700 Lithwa·

350 746 406 813 nia
422 747 625 832 quibusdam
641 748 818 818 horrendis
833 747 1031 816 haeresibus
1047 746 1200 834 grauiter
1211 746 1349 815 inlecta:
1364 767 1491 833 paucos
1502 746 1568 814 iam

348 862 384 929 in
400 883 441 929 ea
456 861 641 930 catholicos
657 863 804 949 reperire
818 863 909 944 licet,
928 884 970 930 ex
986 861 1208 929 nobilioribus
1224 861 1432 948 praesertim.
1451 863 1521 932 Sed
1533 873 1568 932 et

348 978 384 1044 in
412 999 519 1064 regno
539 976 645 1044 nihilo
666 977 784 1046 melior
806 987 859 1046 est
886 986 996 1044 status
1022 975 1208 1064 religionis
1236 999 1337 1064 quam
1365 975 1430 1043 luit
1451 988 1563 1044 antea.

348 1095 467 1160 Ruunt
481 1093 517 1159 in
533 1093 683 1162 deterius
699 1091 823 1174 omnia,
843 1091 1071 1160 sathanismus
1086 1092 1190 1159 sumit
1205 1091 1306 1173 vires,
1325 1091 1476 1178 quotidie
1490 1093 1567 1178 plu·

347 1231 401 1276 res
418 1209 460 1275 ab
476 1208 654 1276 haereticis
669 1219 880 1296 occupantur
896 1208 1092 1277 eeclesiae.»
1112 1209 1228 1295 (Idem,
1242 1207 1364 1291 eidem,
1378 1209 1568 1276 Decembre

351 1325 450 1408 1565,
469 1324 505 1390 in
521 1325 797 1411 appendu-«Le
813 1345 894 1392 cose
913 1324 957 1390 de
977 1325 1010 1390 la
1033 1323 1198 1410 religione
1219 1323 1255 1390 in
1277 1324 1435 1410 Cologna
1454 1343 1568 1392 vanno

346 1439 598 1526 pegiorando...
622 1438 646 1505 li
672 1438 870 1507 catholici...
900 1448 1025 1507 stanno
1048 1460 1113 1505 con
1140 1440 1271 1526 grande
1296 1435 1565 1504 sollicitudine...

347 1553 424 1621 Neli
440 1553 520 1620 stati
535 1553 570 1619 di
587 1553 733 1621 Fiandra
747 1554 803 1621 del
818 1573 855 1620 re
873 1553 1029 1640 Philippo
1044 1575 1157 1620 vanno
1173 1552 1376 1620 similmente
1390 1553 1422 1620 le
1433 1571 1513 1618 cose
1524 1552 1568 1618 de

346 1670 379 1736 la
399 1667 565 1756 religione
584 1670 628 1738 de
649 1669 716 1735 mal
736 1667 772 1734 in
787 1667 979 1756 peggio...»
1003 1669 1069 1756 (Ad
1085 1669 1143 1734 fin.
1168 1667 1248 1735 anni
1272 1665 1565 1752 1563.)--«Calvi-

346 1784 476 1851 nismus
492 1785 560 1852 late
575 1795 762 1870 grassatur,
781 1786 867 1870 proh
882 1785 990 1864 dolor,
1004 1804 1048 1850 ex
1063 1784 1183 1852 Galliis
1198 1783 1234 1850 in
1245 1780 1463 1852 Germaniam
1475 1781 1566 1848 irru-

345 1898 435 1987 pit...
454 1898 580 1985 vbique
595 1900 639 1964 ad
654 1898 896 1967 discessionem
912 1898 1046 1986 parauit
1059 1897 1150 1966 viam
1166 1901 1321 1965 sathan.»
1341 1896 1524 1984 (CanisiuS,
1545 1917 1563 1982 3

346 2013 455 2101 April.
478 2015 725 2100 1563.)-lnter
736 2013 933 2094 catholicos,
948 2012 1028 2082 licet
1040 2035 1109 2080 non
1121 2015 1262 2082 deerant
1273 2011 1337 2079 viri
1348 2011 1491 2094 strenui,
1504 2012 1564 2097 qui

345 2128 425 2197 totis
440 2128 569 2196 viribus
585 2127 833 2197 haereticorum
848 2129 1027 2196 conatibus
1038 2128 1203 2196 obsistere
1214 2128 1414 2208 niterentur,
1429 2126 1464 2192 in
1475 2128 1566 2193 mul-

346 2244 388 2312 tis
412 2255 525 2313 tamen
546 2245 700 2324 delectus
721 2243 884 2326 caritatis,
906 2264 1040 2311 amarae
1060 2243 1095 2308 in
1119 2243 1315 2329 pontificem
1342 2241 1563 2329 suspiciones,

344 2358 618 2447 perturbationes
633 2369 752 2426 contra
768 2359 920 2426 ordinem
937 2357 972 2424 in
987 2357 1144 2440 concili0,
1162 2357 1265 2423 nimia
1281 2378 1365 2444 erga
1376 2355 1567 2424 haereticos

343 2473 551 2562 benignitas,
565 2475 718 2560 aliaeque
730 2474 819 2542 bene
830 2475 958 2540 multae
970 2472 1124 2540 miseriae
1135 2471 1261 2558 passim
1274 2481 1449 2559 apparent.
1465 2471 1565 2538 Prin-

340 2588 435 2676 cipes
463 2573 637 2658 reformari
664 2599 836 2671 recusant,
866 2587 1062 2675 pontificem
1089 2608 1170 2654 vero
1197 2587 1372 2656 reformari
1399 2586 1567 2654 instanter

340 2705 527 2792 postulant.
547 2705 630 2792 (ret
650 2723 689 2787 14
705 2706 794 2771 Nov.
817 2704 913 2788 15623
933 2704 976 2770 26
992 2702 1103 2784 Febr.;
1122 2713 1195 2790 9et
1211 2721 1254 2786 24
1270 2706 1381 2784 Mart.;
1405 2721 1443 2786 13
1463 2712 1497 2769 et
1521 2719 1565 2768 2ο

197 2913 206 2928 ι
341 2819 465 2907 April,
483 2839 505 2903 4
522 2820 617 2905 Maj.,
637 2820 656 2885 8
673 2828 708 2886 et
724 2837 765 2886 22
778 2822 874 2908 Jun.;
894 2836 949 2897 21,
969 2833 1009 2902 25
1027 2831 1062 2885 et
1079 2819 1120 2884 28
1137 2819 1248 2905 Sept,
1272 2818 1368 2902 1563,
1386 2817 1467 2902 etc.)

224 2928 228 2945 ’
408 2934 599 3002 Cardinalis
615 2934 748 3002 Moroni
764 2933 944 3020 prudentia
966 2943 1001 3000 et
1021 2933 1189 3000 industria
1210 2955 1264 3000 res
1285 2932 1418 2999 concilii
1437 2932 1473 2998 in
1493 2953 1563 3000 me·
1664 3027 1665 3030 Ἴ

339 3048 406 3116 lius
422 3057 598 3120 mutantur
614 3051 668 3137 (2ο
681 3048 790 3135 April.
810 3049 876 3135 63).
895 3050 1080 3135 Imperator
1097 3047 1131 3114 in
1145 3047 1349 3133 quibusdam
1361 3046 1481 3113 litteris
1494 3049 1564 3113 Ro-

340 3187 428 3232 mam
444 3187 464 3231 a
479 3187 517 3233 se
533 3164 644 3232 missis
665 3163 711 3230 ait
733 3165 895 3251 optimam
916 3163 1122 3233 Germaniae
1142 3164 1377 3232 reformandae
1397 3161 1563 3228 rationem

337 3279 375 3346 in
390 3279 543 3367 collegiis
561 3279 743 3349 Societatis
756 3283 840 3369 Jesu
861 3279 1127 3367 multiplicandis
1149 3278 1336 3365 repositam
1364 3276 1428 3343 sibi
1455 3275 1563 3344 videri

337 3398 371 3482 (9
387 3398 487 3463 Mart.
507 3397 574 3482 63).
599 3396 750 3463 Nuntius
770 3395 941 3482 pontificis
964 3396 1122 3463 Delfinus
1148 3395 1321 3482 praeclare
1347 3414 1409 3480 pro
1436 3395 1564 3460 tuenda

335 3520 475 3578 sanctae
491 3511 581 3581 sedis
597 3511 799 3580 auctoritate
814 3512 978 3592 decertat,
993 3512 1276 3595 commendatque
1289 3506 1383 3575 Patri
1396 3508 1507 3576 Nadal
1523 3518 1562 3574 ut

338 3624 454 3693 solidis
470 3626 681 3713 argumentis
697 3647 867 3692 summum
882 3626 1079 3712 pontificem
1097 3624 1296 3716 universalis
1312 3622 1478 3690 ecclesiae
1499 3645 1559 3708 pa·

335 3753 463 3810 storem
480 3763 567 3822 esse,
592 3763 653 3828 pro
673 3762 914 3828 germanorum
935 3740 1172 3810 dissidentium
1192 3737 1438 3819 confutatione,
1464 3736 1558 3807 evin-

333 3867 391 3923 cat
413 3858 467 3945 (26
483 3859 598 3937 Febr,
622 3876 660 3941 13
682 3857 791 3944 April.
816 3857 880 3942 63).
903 3857 1015 3924 Libris
1034 3856 1174 3942 insuper
1194 3877 1214 3920 a
1240 3853 1343 3920 variis
1363 3853 1561 3920 doctoribus

332 3971 510 4038 catholicis
537 3971 688 4059 scriptis,
717 3971 896 4054 Kemnitii,
926 3970 1108 4056 Artopoei,
1136 3967 1322 4038 Monhemii
1350 3967 1562 4053 aliorumque

334 4087 518 4156 averitate
545 4087 712 4154 catholica
738 4087 969 4156 aberrantium
997 4095 1126 4152 asserta
1146 4085 1372 4151 debellantur.
1397 4083 1477 4168 Quo
1500 4105 1561 4169 pa-

333 4213 391 4268 cto
421 4201 649 4270 catechismus
680 4201 925 4290 archiepiscopi
957 4199 1097 4266 toletani
1129 4197 1379 4266 Bartholomaei
1414 4199 1562 4264 Cartan-

333 4339 384 4397 za,
404 4319 448 4386 O.
468 4318 505 4386 S.
524 4321 583 4398 D,
602 4318 638 4384 in
654 4329 786 4388 secreta
802 4315 1072 4404 congregatione
1087 4315 1295 4402 approbatus
1311 4312 1426 4393 fuerit,
1445 4312 1561 4381 decla-

229 4481 232 4486 .
332 4441 427 4499 ratur
444 4455 464 4499 a
480 4434 631 4501 Polanco
648 4435 701 4520 (22
715 4437 796 4522 Jun.
816 4434 882 4518 63).

398 4548 471 4616 Nec
488 4549 599 4616 solum
615 4548 659 4617 de
674 4550 777 4615 rebus
789 4546 965 4635 religionis
981 4545 1017 4612 in
1028 4543 1224 4623 Germania,
1239 4544 1300 4610 sed
1312 4541 1413 4611 etiam
1425 4541 1460 4608 in
1472 4542 1558 4610 Gal-

330 4661 388 4745 lia,
406 4663 513 4747 Italia,
532 4663 698 4752 Hispania
714 4677 747 4732 et
765 4663 941 4732 Lusitania
959 4663 1154 4746 frequenter
1170 4657 1297 4725 mentio
1314 4658 1352 4723 fit
1367 4656 1403 4723 in
1415 4656 1468 4724 his
1483 4654 1559 4743 epi-
