<?xml version="1.0" encoding="UTF-8"?>
<!DOCTYPE html PUBLIC "-//W3C//DTD XHTML 1.0 Transitional//EN"
    "http://www.w3.org/TR/xhtml1/DTD/xhtml1-transitional.dtd">
<html xmlns="http://www.w3.org/1999/xhtml" xml:lang="en" lang="en">
 <head>
  <title>
</title>
<meta http-equiv="Content-Type" content="text/html;charset=utf-8" />
  <meta name='ocr-system' content='tesseract 3.04.00' />
  <meta name='ocr-capabilities' content='ocr_page ocr_carea ocr_par ocr_line ocrx_word'/>
</head>
<body>
  <div class='ocr_page' id='page_1' title='image "./epistolaephiero00nadagoog_0061.png"; bbox 0 0 3666 5384; ppageno 0'>
   <div class='ocr_carea' id='block_1_1' title="bbox 341 406 1139 476">
    <p class='ocr_par' dir='ltr' id='par_1_1' title="bbox 341 406 1139 476">
     <span class='ocr_line' id='line_1_1' title="bbox 341 406 1139 476; baseline 0 -14"><span class='ocrx_word' id='word_1_1' title='bbox 341 406 376 476; x_wconf 86' lang='lat'>34</span> <span class='ocrx_word' id='word_1_2' title='bbox 760 407 794 464; x_wconf 88' lang='lat' dir='ltr'>P.</span> <span class='ocrx_word' id='word_1_3' title='bbox 815 407 956 463; x_wconf 70' lang='lat' dir='ltr'>Nar-nus</span> <span class='ocrx_word' id='word_1_4' title='bbox 974 408 1139 464; x_wconf 78' lang='lat' dir='ltr'>Eeuuuss.</span> 
     </span>
    </p>
   </div>
   <div class='ocr_carea' id='block_1_2' title="bbox 340 559 1567 878">
    <p class='ocr_par' dir='ltr' id='par_1_2' title="bbox 340 559 1567 878">
     <span class='ocr_line' id='line_1_2' title="bbox 340 559 1567 647; baseline -0.002 -21"><span class='ocrx_word' id='word_1_5' title='bbox 340 583 420 628; x_wconf 92' lang='lat' dir='ltr'>nem</span> <span class='ocrx_word' id='word_1_6' title='bbox 436 559 580 647; x_wconf 88' lang='lat' dir='ltr'>rogandi</span> <span class='ocrx_word' id='word_1_7' title='bbox 595 580 675 626; x_wconf 91' lang='lat' dir='ltr'>eurn</span> <span class='ocrx_word' id='word_1_8' title='bbox 691 559 867 642; x_wconf 86' lang='lat' dir='ltr'>scriberet,</span> <span class='ocrx_word' id='word_1_9' title='bbox 885 559 1010 646; x_wconf 89' lang='lat' dir='ltr'>quibus</span> <span class='ocrx_word' id='word_1_10' title='bbox 1025 559 1145 645; x_wconf 91' lang='lat' dir='ltr'>medijs</span> <span class='ocrx_word' id='word_1_11' title='bbox 1158 581 1236 628; x_wconf 91' lang='lat' dir='ltr'>eum</span> <span class='ocrx_word' id='word_1_12' title='bbox 1247 561 1343 628; x_wconf 90' lang='lat' dir='ltr'>Deus</span> <span class='ocrx_word' id='word_1_13' title='bbox 1355 559 1510 627; x_wconf 87' lang='lat' dir='ltr'>iuuisset:</span> <span class='ocrx_word' id='word_1_14' title='bbox 1530 559 1567 624; x_wconf 93' lang='lat' dir='ltr'>id</span> 
     </span>
     <span class='ocr_line' id='line_1_3' title="bbox 343 673 1564 761; baseline 0 -21"><span class='ocrx_word' id='word_1_15' title='bbox 343 695 448 761; x_wconf 92' lang='lat' dir='ltr'>quum</span> <span class='ocrx_word' id='word_1_16' title='bbox 464 673 610 761; x_wconf 83' lang='lat' dir='ltr'>primum</span> <span class='ocrx_word' id='word_1_17' title='bbox 625 675 704 743; x_wconf 93' lang='lat' dir='ltr'>veni</span> <span class='ocrx_word' id='word_1_18' title='bbox 720 695 763 742; x_wconf 87' lang='lat' dir='ltr'>ex</span> <span class='ocrx_word' id='word_1_19' title='bbox 777 673 906 758; x_wconf 84' lang='lat' dir='ltr'>Sicilia,</span> <span class='ocrx_word' id='word_1_20' title='bbox 925 677 972 742; x_wconf 86' lang='lat'><strong>2.⁰</strong></span> <span class='ocrx_word' id='word_1_21' title='bbox 988 675 1069 744; x_wconf 91' lang='lat' dir='ltr'>item</span> <span class='ocrx_word' id='word_1_22' title='bbox 1087 696 1192 760; x_wconf 92' lang='lat' dir='ltr'>quum</span> <span class='ocrx_word' id='word_1_23' title='bbox 1208 697 1250 744; x_wconf 83' lang='lat' dir='ltr'>ex</span> <span class='ocrx_word' id='word_1_24' title='bbox 1266 673 1381 745; x_wconf 87' lang='lat' dir='ltr'>Sicilia</span> <span class='ocrx_word' id='word_1_25' title='bbox 1400 674 1498 760; x_wconf 89' lang='lat' dir='ltr'>redij,</span> <span class='ocrx_word' id='word_1_26' title='bbox 1517 677 1564 758; x_wconf 79' lang='lat'><strong>3.⁰</strong></span> 
     </span>
     <span class='ocr_line' id='line_1_4' title="bbox 340 788 1516 878; baseline 0.001 -24"><span class='ocrx_word' id='word_1_27' title='bbox 340 788 432 860; x_wconf 92' lang='lat' dir='ltr'>idem</span> <span class='ocrx_word' id='word_1_28' title='bbox 448 789 517 858; x_wconf 90' lang='lat' dir='ltr'>vrsi</span> <span class='ocrx_word' id='word_1_29' title='bbox 533 791 598 857; x_wconf 91' lang='lat' dir='ltr'>hoc</span> <span class='ocrx_word' id='word_1_30' title='bbox 615 801 780 878; x_wconf 89' lang='lat' dir='ltr'>tempore,</span> <span class='ocrx_word' id='word_1_31' title='bbox 799 800 865 859; x_wconf 90' lang='lat' dir='ltr'>etc.</span> <span class='ocrx_word' id='word_1_32' title='bbox 884 792 922 858; x_wconf 97' lang='lat' dir='ltr'>ld</span> <span class='ocrx_word' id='word_1_33' title='bbox 939 790 1018 860; x_wconf 88' lang='lat' dir='ltr'>feeit</span> <span class='ocrx_word' id='word_1_34' title='bbox 1033 812 1094 877; x_wconf 93' lang='lat' dir='ltr'>per</span> <span class='ocrx_word' id='word_1_35' title='bbox 1105 790 1319 858; x_wconf 92' lang='lat' dir='ltr'>Ludouicum</span> <span class='ocrx_word' id='word_1_36' title='bbox 1331 790 1516 876; x_wconf 73' lang='lat' dir='ltr'>Gonpalez.</span> 
     </span>
    </p>
   </div>
   <div class='ocr_carea' id='block_1_3' title="bbox 409 1009 1533 1110">
    <p class='ocr_par' dir='ltr' id='par_1_3' title="bbox 409 1009 1533 1110">
     <span class='ocr_line' id='line_1_5' title="bbox 409 1009 1533 1110; baseline -0.006 -19"><span class='ocrx_word' id='word_1_37' title='bbox 409 1009 471 1091; x_wconf 63' lang='lat' dir='ltr'>‘ao</span> <span class='ocrx_word' id='word_1_38' title='bbox 495 1039 548 1091; x_wconf 69' lang='lat' dir='ltr'>aa</span> <span class='ocrx_word' id='word_1_39' title='bbox 566 1024 734 1107; x_wconf 90' lang='lat' dir='ltr'><strong>MISSIO,</strong></span> <span class='ocrx_word' id='word_1_40' title='bbox 749 1025 882 1110; x_wconf 81' lang='lat' dir='ltr'><strong>QUAE</strong></span> <span class='ocrx_word' id='word_1_41' title='bbox 893 1025 1002 1093; x_wconf 90' lang='lat' dir='ltr'><strong>FUIT</strong></span> <span class='ocrx_word' id='word_1_42' title='bbox 1014 1025 1161 1092; x_wconf 88' lang='lat' dir='ltr'><strong>PRIMA</strong></span> <span class='ocrx_word' id='word_1_43' title='bbox 1173 1025 1220 1091; x_wconf 94' lang='lat' dir='ltr'>IN</span> <span class='ocrx_word' id='word_1_44' title='bbox 1233 1023 1519 1091; x_wconf 89' lang='lat' dir='ltr'><strong>GERMANIAM</strong></span> <span class='ocrx_word' id='word_1_45' title='bbox 1531 1077 1533 1084; x_wconf 93' lang='lat'><strong>.</strong></span> 
     </span>
    </p>
   </div>
   <div class='ocr_carea' id='block_1_4' title="bbox 245 1257 1573 4482">
    <p class='ocr_par' dir='ltr' id='par_1_4' title="bbox 344 1257 1572 1692">
     <span class='ocr_line' id='line_1_6' title="bbox 410 1257 1570 1347; baseline -0.004 -22"><span class='ocrx_word' id='word_1_46' title='bbox 410 1261 528 1344; x_wconf 79' lang='lat' dir='ltr'>Quum</span> <span class='ocrx_word' id='word_1_47' title='bbox 555 1279 611 1325; x_wconf 91' lang='lat' dir='ltr'>me</span> <span class='ocrx_word' id='word_1_48' title='bbox 637 1259 847 1329; x_wconf 87' lang='lat' dir='ltr'><strong>deducerent</strong></span> <span class='ocrx_word' id='word_1_49' title='bbox 872 1259 973 1345; x_wconf 89' lang='lat' dir='ltr'>officij</span> <span class='ocrx_word' id='word_1_50' title='bbox 1002 1258 1113 1347; x_wconf 86' lang='lat' dir='ltr'>gratia</span> <span class='ocrx_word' id='word_1_51' title='bbox 1143 1260 1184 1325; x_wconf 92' lang='lat' dir='ltr'>P.</span> <span class='ocrx_word' id='word_1_52' title='bbox 1218 1257 1301 1326; x_wconf 92' lang='lat' dir='ltr'>Luis</span> <span class='ocrx_word' id='word_1_53' title='bbox 1327 1257 1501 1343; x_wconf 79' lang='lat' dir='ltr'>Gonqales</span> <span class='ocrx_word' id='word_1_54' title='bbox 1531 1264 1570 1322; x_wconf 84' lang='lat' dir='ltr'>et</span> 
     </span>
     <span class='ocr_line' id='line_1_7' title="bbox 344 1371 1572 1463; baseline -0.003 -21"><span class='ocrx_word' id='word_1_55' title='bbox 344 1378 387 1442; x_wconf 91' lang='lat' dir='ltr'><strong>D.</strong></span> <span class='ocrx_word' id='word_1_56' title='bbox 418 1374 644 1454; x_wconf 79' lang='lat' dir='ltr'>TbeotoniuS‚</span> <span class='ocrx_word' id='word_1_57' title='bbox 673 1373 720 1442; x_wconf 93' lang='lat' dir='ltr'>ita</span> <span class='ocrx_word' id='word_1_58' title='bbox 747 1374 804 1463; x_wconf 85' lang='lat' dir='ltr'>egi</span> <span class='ocrx_word' id='word_1_59' title='bbox 831 1396 909 1443; x_wconf 90' lang='lat' dir='ltr'>cum</span> <span class='ocrx_word' id='word_1_60' title='bbox 932 1378 1010 1458; x_wconf 92' lang='lat' dir='ltr'>hoc,</span> <span class='ocrx_word' id='word_1_61' title='bbox 1035 1385 1073 1441; x_wconf 93' lang='lat' dir='ltr'>vt</span> <span class='ocrx_word' id='word_1_62' title='bbox 1096 1373 1198 1442; x_wconf 85' lang='lat' dir='ltr'>fuerit</span> <span class='ocrx_word' id='word_1_63' title='bbox 1221 1384 1303 1440; x_wconf 88' lang='lat' dir='ltr'>tune</span> <span class='ocrx_word' id='word_1_64' title='bbox 1330 1371 1572 1439; x_wconf 83' lang='lat' dir='ltr'>reconciliatus</span> 
     </span>
     <span class='ocr_line' id='line_1_8' title="bbox 345 1486 1568 1578; baseline -0.004 -21"><span class='ocrx_word' id='word_1_65' title='bbox 345 1492 386 1557; x_wconf 92' lang='lat' dir='ltr'>P.</span> <span class='ocrx_word' id='word_1_66' title='bbox 417 1490 562 1578; x_wconf 89' lang='lat' dir='ltr'>Ignatio;</span> <span class='ocrx_word' id='word_1_67' title='bbox 592 1511 711 1558; x_wconf 90' lang='lat' dir='ltr'>verum</span> <span class='ocrx_word' id='word_1_68' title='bbox 738 1513 807 1558; x_wconf 92' lang='lat' dir='ltr'>non</span> <span class='ocrx_word' id='word_1_69' title='bbox 834 1490 899 1557; x_wconf 85' lang='lat' dir='ltr'>fuit</span> <span class='ocrx_word' id='word_1_70' title='bbox 925 1489 1088 1558; x_wconf 91' lang='lat' dir='ltr'>diuturna</span> <span class='ocrx_word' id='word_1_71' title='bbox 1111 1493 1197 1557; x_wconf 92' lang='lat' dir='ltr'>haec</span> <span class='ocrx_word' id='word_1_72' title='bbox 1220 1486 1465 1568; x_wconf 86' lang='lat' dir='ltr'>reconciliatio,</span> <span class='ocrx_word' id='word_1_73' title='bbox 1487 1508 1568 1553; x_wconf 91' lang='lat' dir='ltr'>nam</span> 
     </span>
     <span class='ocr_line' id='line_1_9' title="bbox 345 1603 1569 1692; baseline -0.003 -20"><span class='ocrx_word' id='word_1_74' title='bbox 345 1627 451 1690; x_wconf 92' lang='lat' dir='ltr'>quum</span> <span class='ocrx_word' id='word_1_75' title='bbox 479 1605 578 1690; x_wconf 88' lang='lat' dir='ltr'>redijt</span> <span class='ocrx_word' id='word_1_76' title='bbox 605 1607 648 1672; x_wconf 92' lang='lat' dir='ltr'>ad</span> <span class='ocrx_word' id='word_1_77' title='bbox 676 1605 835 1692; x_wconf 91' lang='lat' dir='ltr'>pristinas</span> <span class='ocrx_word' id='word_1_78' title='bbox 865 1605 1087 1687; x_wconf 87' lang='lat' dir='ltr'>dificultates,</span> <span class='ocrx_word' id='word_1_79' title='bbox 1120 1616 1258 1672; x_wconf 90' lang='lat' dir='ltr'>coactus</span> <span class='ocrx_word' id='word_1_80' title='bbox 1290 1603 1353 1669; x_wconf 85' lang='lat' dir='ltr'>fuit</span> <span class='ocrx_word' id='word_1_81' title='bbox 1385 1603 1521 1671; x_wconf 91' lang='lat' dir='ltr'>tandem</span> <span class='ocrx_word' id='word_1_82' title='bbox 1556 1605 1569 1635; x_wconf 69' lang='lat'>²</span> 
     </span>
    </p>

    <p class='ocr_par' dir='ltr' id='par_1_5' title="bbox 245 1720 1570 2164">
     <span class='ocr_line' id='line_1_10' title="bbox 346 1720 1102 1807; baseline -0.001 -18"><span class='ocrx_word' id='word_1_83' title='bbox 346 1725 386 1789; x_wconf 95' lang='lat' dir='ltr'>P.</span> <span class='ocrx_word' id='word_1_84' title='bbox 405 1720 559 1807; x_wconf 85' lang='lat' dir='ltr'>Ignatius</span> <span class='ocrx_word' id='word_1_85' title='bbox 574 1721 669 1787; x_wconf 92' lang='lat' dir='ltr'>illum</span> <span class='ocrx_word' id='word_1_86' title='bbox 686 1743 706 1788; x_wconf 91' lang='lat' dir='ltr'>a</span> <span class='ocrx_word' id='word_1_87' title='bbox 721 1721 894 1790; x_wconf 88' lang='lat' dir='ltr'>Societate</span> <span class='ocrx_word' id='word_1_88' title='bbox 909 1722 1102 1790; x_wconf 86' lang='lat' dir='ltr'><strong>amandare.</strong></span> 
     </span>
     <span class='ocr_line' id='line_1_11' title="bbox 245 1821 1570 1920; baseline -0.003 -17"><span class='ocrx_word' id='word_1_89' title='bbox 245 1821 248 1830; x_wconf 67' lang='grc'>’</span> <span class='ocrx_word' id='word_1_90' title='bbox 410 1836 491 1903; x_wconf 86' lang='lat' dir='ltr'>Dixi</span> <span class='ocrx_word' id='word_1_91' title='bbox 515 1837 555 1903; x_wconf 92' lang='grc' dir='ltr'>Ρ.</span> <span class='ocrx_word' id='word_1_92' title='bbox 580 1836 754 1904; x_wconf 93' lang='lat' dir='ltr'>Lodouico</span> <span class='ocrx_word' id='word_1_93' title='bbox 773 1837 928 1920; x_wconf 75' lang='lat' dir='ltr'>Gonqalo</span> <span class='ocrx_word' id='word_1_94' title='bbox 950 1836 1034 1902; x_wconf 91' lang='lat' dir='ltr'>nihil</span> <span class='ocrx_word' id='word_1_95' title='bbox 1056 1857 1094 1902; x_wconf 91' lang='lat' dir='ltr'>se</span> <span class='ocrx_word' id='word_1_96' title='bbox 1119 1836 1236 1902; x_wconf 88' lang='lat' dir='ltr'>vtilius</span> <span class='ocrx_word' id='word_1_97' title='bbox 1264 1835 1427 1904; x_wconf 89' lang='lat' dir='ltr'>Societati</span> <span class='ocrx_word' id='word_1_98' title='bbox 1454 1835 1570 1901; x_wconf 83' lang='lat' dir='ltr'>facere</span> 
     </span>
     <span class='ocr_line' id='line_1_12' title="bbox 344 1947 1568 2039; baseline -0.004 -21"><span class='ocrx_word' id='word_1_99' title='bbox 344 1972 457 2039; x_wconf 91' lang='lat' dir='ltr'>posse,</span> <span class='ocrx_word' id='word_1_100' title='bbox 475 1973 576 2037; x_wconf 92' lang='lat' dir='ltr'>quam</span> <span class='ocrx_word' id='word_1_101' title='bbox 592 1951 622 2018; x_wconf 91' lang='lat' dir='ltr'>si</span> <span class='ocrx_word' id='word_1_102' title='bbox 639 1953 675 2019; x_wconf 91' lang='grc' dir='ltr'>Ρ.</span> <span class='ocrx_word' id='word_1_103' title='bbox 694 1951 817 2038; x_wconf 84' lang='lat' dir='ltr'>Ignatij</span> <span class='ocrx_word' id='word_1_104' title='bbox 834 1951 1064 2020; x_wconf 89' lang='lat' dir='ltr'>valetudinem</span> <span class='ocrx_word' id='word_1_105' title='bbox 1079 1961 1251 2032; x_wconf 88' lang='lat' dir='ltr'>curarent,</span> <span class='ocrx_word' id='word_1_106' title='bbox 1269 1962 1307 2016; x_wconf 93' lang='lat' dir='ltr'>vt</span> <span class='ocrx_word' id='word_1_107' title='bbox 1321 1960 1437 2036; x_wconf 88' lang='lat' dir='ltr'>posset</span> <span class='ocrx_word' id='word_1_108' title='bbox 1448 1947 1568 2018; x_wconf 89' lang='lat' dir='ltr'>Socie-</span> 
     </span>
     <span class='ocr_line' id='line_1_13' title="bbox 345 2066 1496 2164; baseline 0.003 -32"><span class='ocrx_word' id='word_1_109' title='bbox 345 2077 449 2135; x_wconf 86' lang='lat' dir='ltr'><strong>tatem</strong></span> <span class='ocrx_word' id='word_1_110' title='bbox 465 2089 568 2152; x_wconf 89' lang='lat' dir='ltr'>quam</span> <span class='ocrx_word' id='word_1_111' title='bbox 583 2066 774 2136; x_wconf 90' lang='lat' dir='ltr'>diutissime</span> <span class='ocrx_word' id='word_1_112' title='bbox 788 2066 1021 2155; x_wconf 73' lang='lat' dir='ltr'>gubernare!</span> <span class='ocrx_word' id='word_1_113' title='bbox 1088 2097 1090 2104; x_wconf 55' lang='lat'><strong>⁴</strong></span> <span class='ocrx_word' id='word_1_114' title='bbox 1186 2151 1192 2164; x_wconf 40' lang='grc' dir='ltr'>Ι</span> <span class='ocrx_word' id='word_1_115' title='bbox 1487 2137 1496 2153; x_wconf 66' lang='grc'>,</span> 
     </span>
    </p>

    <p class='ocr_par' dir='ltr' id='par_1_6' title="bbox 343 2181 1571 3892">
     <span class='ocr_line' id='line_1_14' title="bbox 411 2181 1564 2270; baseline -0.003 -18"><span class='ocrx_word' id='word_1_116' title='bbox 411 2182 516 2252; x_wconf 89' lang='lat' dir='ltr'>Venit</span> <span class='ocrx_word' id='word_1_117' title='bbox 531 2204 665 2250; x_wconf 91' lang='lat' dir='ltr'>mecum</span> <span class='ocrx_word' id='word_1_118' title='bbox 682 2185 780 2251; x_wconf 89' lang='lat' dir='ltr'>lonas</span> <span class='ocrx_word' id='word_1_119' title='bbox 796 2183 956 2251; x_wconf 85' lang='lat' dir='ltr'>bauarus.</span> <span class='ocrx_word' id='word_1_120' title='bbox 975 2183 1123 2270; x_wconf 82' lang='lat' dir='ltr'>Repperi</span> <span class='ocrx_word' id='word_1_121' title='bbox 1140 2187 1180 2251; x_wconf 95' lang='lat' dir='ltr'>P.</span> <span class='ocrx_word' id='word_1_122' title='bbox 1196 2186 1347 2270; x_wconf 91' lang='lat' dir='ltr'>Laynem</span> <span class='ocrx_word' id='word_1_123' title='bbox 1361 2181 1564 2250; x_wconf 86' lang='lat' dir='ltr'>Florentiae.</span> 
     </span>
     <span class='ocr_line' id='line_1_15' title="bbox 345 2298 1571 2385; baseline -0.002 -19"><span class='ocrx_word' id='word_1_124' title='bbox 345 2298 510 2366; x_wconf 91' lang='lat' dir='ltr'>Voluerat</span> <span class='ocrx_word' id='word_1_125' title='bbox 532 2302 570 2366; x_wconf 95' lang='lat' dir='ltr'><strong>P.</strong></span> <span class='ocrx_word' id='word_1_126' title='bbox 594 2298 750 2385; x_wconf 90' lang='lat' dir='ltr'>lgnatius</span> <span class='ocrx_word' id='word_1_127' title='bbox 769 2311 807 2366; x_wconf 92' lang='lat' dir='ltr'>vt</span> <span class='ocrx_word' id='word_1_128' title='bbox 827 2310 949 2368; x_wconf 90' lang='lat' dir='ltr'>neuter</span> <span class='ocrx_word' id='word_1_129' title='bbox 968 2299 1065 2367; x_wconf 89' lang='lat' dir='ltr'>alteri</span> <span class='ocrx_word' id='word_1_130' title='bbox 1086 2300 1253 2367; x_wconf 89' lang='lat' dir='ltr'>subesset.</span> <span class='ocrx_word' id='word_1_131' title='bbox 1284 2301 1468 2383; x_wconf 89' lang='lat' dir='ltr'>Nunquam</span> <span class='ocrx_word' id='word_1_132' title='bbox 1496 2299 1571 2366; x_wconf 84' lang='lat' dir='ltr'>fere</span> 
     </span>
     <span class='ocr_line' id='line_1_16' title="bbox 344 2412 1566 2500; baseline -0.003 -18"><span class='ocrx_word' id='word_1_133' title='bbox 344 2416 433 2482; x_wconf 91' lang='lat' dir='ltr'>bene</span> <span class='ocrx_word' id='word_1_134' title='bbox 449 2413 612 2481; x_wconf 88' lang='lat' dir='ltr'>conuenit</span> <span class='ocrx_word' id='word_1_135' title='bbox 627 2412 710 2480; x_wconf 93' lang='lat' dir='ltr'>mihi</span> <span class='ocrx_word' id='word_1_136' title='bbox 731 2435 810 2481; x_wconf 91' lang='lat' dir='ltr'>cum</span> <span class='ocrx_word' id='word_1_137' title='bbox 830 2414 899 2495; x_wconf 84' lang='lat' dir='ltr'>illo,</span> <span class='ocrx_word' id='word_1_138' title='bbox 922 2436 962 2482; x_wconf 98' lang='lat' dir='ltr'>ac</span> <span class='ocrx_word' id='word_1_139' title='bbox 982 2413 1018 2480; x_wconf 95' lang='lat' dir='ltr'>in</span> <span class='ocrx_word' id='word_1_140' title='bbox 1037 2413 1158 2483; x_wconf 90' lang='lat' dir='ltr'>itinere</span> <span class='ocrx_word' id='word_1_141' title='bbox 1181 2413 1318 2499; x_wconf 91' lang='lat' dir='ltr'>quidem</span> <span class='ocrx_word' id='word_1_142' title='bbox 1338 2413 1466 2500; x_wconf 87' lang='lat' dir='ltr'>impegi</span> <span class='ocrx_word' id='word_1_143' title='bbox 1487 2419 1566 2499; x_wconf 80' lang='lat' dir='ltr'>pro-</span> 
     </span>
     <span class='ocr_line' id='line_1_17' title="bbox 345 2507 1564 2617; baseline -0.002 -22"><span class='ocrx_word' id='word_1_144' title='bbox 345 2540 420 2616; x_wconf 88' lang='lat' dir='ltr'>pter</span> <span class='ocrx_word' id='word_1_145' title='bbox 436 2528 702 2617; x_wconf 90' lang='lat' dir='ltr'>disputationem</span> <span class='ocrx_word' id='word_1_146' title='bbox 723 2531 915 2616; x_wconf 92' lang='lat' dir='ltr'>quamdam.</span> <span class='ocrx_word' id='word_1_147' title='bbox 939 2531 1121 2616; x_wconf 88' lang='lat' dir='ltr'>Augustae</span> <span class='ocrx_word' id='word_1_148' title='bbox 1141 2530 1243 2599; x_wconf 90' lang='lat' dir='ltr'>etiam</span> <span class='ocrx_word' id='word_1_149' title='bbox 1263 2507 1385 2598; x_wconf 89' lang='lat' dir='ltr'>acerbe</span> <span class='ocrx_word' id='word_1_150' title='bbox 1405 2527 1475 2615; x_wconf 89' lang='lat' dir='ltr'>egi,</span> <span class='ocrx_word' id='word_1_151' title='bbox 1497 2537 1564 2596; x_wconf 87' lang='lat' dir='ltr'>etc.</span> 
     </span>
     <span class='ocr_line' id='line_1_18' title="bbox 346 2644 1569 2732; baseline -0.002 -20"><span class='ocrx_word' id='word_1_152' title='bbox 346 2647 427 2712; x_wconf 92' lang='lat' dir='ltr'>Erat</span> <span class='ocrx_word' id='word_1_153' title='bbox 442 2646 542 2732; x_wconf 91' lang='lat' dir='ltr'>plane</span> <span class='ocrx_word' id='word_1_154' title='bbox 562 2667 638 2715; x_wconf 88' lang='lat' dir='ltr'>mea</span> <span class='ocrx_word' id='word_1_155' title='bbox 658 2645 762 2712; x_wconf 91' lang='lat' dir='ltr'>animi</span> <span class='ocrx_word' id='word_1_156' title='bbox 782 2644 973 2726; x_wconf 76' lang='lat' dir='ltr'>infirmitaS,</span> <span class='ocrx_word' id='word_1_157' title='bbox 996 2655 1062 2714; x_wconf 90' lang='lat' dir='ltr'>etc.</span> <span class='ocrx_word' id='word_1_158' title='bbox 1085 2645 1251 2713; x_wconf 88' lang='lat' dir='ltr'>Venimus</span> <span class='ocrx_word' id='word_1_159' title='bbox 1272 2646 1467 2732; x_wconf 87' lang='lat' dir='ltr'>Augustam</span> <span class='ocrx_word' id='word_1_160' title='bbox 1488 2664 1569 2710; x_wconf 89' lang='lat' dir='ltr'>cum</span> 
     </span>
     <span class='ocr_line' id='line_1_19' title="bbox 346 2758 1567 2830; baseline -0.006 0"><span class='ocrx_word' id='word_1_161' title='bbox 346 2765 489 2830; x_wconf 92' lang='lat' dir='ltr'>Morono</span> <span class='ocrx_word' id='word_1_162' title='bbox 511 2763 555 2830; x_wconf 91' lang='lat' dir='ltr'>ad</span> <span class='ocrx_word' id='word_1_163' title='bbox 575 2761 778 2829; x_wconf 90' lang='lat' dir='ltr'>dominicam</span> <span class='ocrx_word' id='word_1_164' title='bbox 799 2759 984 2828; x_wconf 88' lang='lat' dir='ltr'>Passionis.</span> <span class='ocrx_word' id='word_1_165' title='bbox 1007 2761 1259 2829; x_wconf 88' lang='lat' dir='ltr'>Inconsiderate</span> <span class='ocrx_word' id='word_1_166' title='bbox 1279 2771 1399 2827; x_wconf 91' lang='lat' dir='ltr'>contra</span> <span class='ocrx_word' id='word_1_167' title='bbox 1418 2758 1567 2827; x_wconf 90' lang='lat' dir='ltr'>haereti-</span> 
     </span>
     <span class='ocr_line' id='line_1_20' title="bbox 346 2874 1567 2963; baseline -0.003 -19"><span class='ocrx_word' id='word_1_168' title='bbox 346 2898 407 2944; x_wconf 90' lang='lat' dir='ltr'>cos</span> <span class='ocrx_word' id='word_1_169' title='bbox 422 2877 458 2943; x_wconf 94' lang='lat' dir='ltr'>in</span> <span class='ocrx_word' id='word_1_170' title='bbox 478 2899 595 2944; x_wconf 90' lang='lat' dir='ltr'>mensa</span> <span class='ocrx_word' id='word_1_171' title='bbox 615 2877 761 2944; x_wconf 90' lang='lat' dir='ltr'>Moroni.</span> <span class='ocrx_word' id='word_1_172' title='bbox 783 2876 965 2962; x_wconf 88' lang='lat' dir='ltr'>Disputaui</span> <span class='ocrx_word' id='word_1_173' title='bbox 985 2897 1063 2963; x_wconf 66' lang='lat' dir='ltr'>qim</span> <span class='ocrx_word' id='word_1_174' title='bbox 1084 2875 1165 2942; x_wconf 89' lang='lat' dir='ltr'>italo</span> <span class='ocrx_word' id='word_1_175' title='bbox 1187 2875 1370 2944; x_wconf 79' lang='lat' dir='ltr'>haeretico,</span> <span class='ocrx_word' id='word_1_176' title='bbox 1397 2874 1567 2942; x_wconf 86' lang='lat' dir='ltr'>Auditum</span> 
     </span>
     <span class='ocr_line' id='line_1_21' title="bbox 346 2989 1568 3079; baseline -0.005 -19"><span class='ocrx_word' id='word_1_177' title='bbox 346 3003 399 3060; x_wconf 89' lang='lat' dir='ltr'>est</span> <span class='ocrx_word' id='word_1_178' title='bbox 416 2992 527 3059; x_wconf 90' lang='lat' dir='ltr'>triduo</span> <span class='ocrx_word' id='word_1_179' title='bbox 547 3003 607 3060; x_wconf 93' lang='lat' dir='ltr'>aut</span> <span class='ocrx_word' id='word_1_180' title='bbox 626 2992 808 3078; x_wconf 89' lang='lat' dir='ltr'>quatriduo</span> <span class='ocrx_word' id='word_1_181' title='bbox 829 2994 872 3062; x_wconf 94' lang='lat' dir='ltr'>de</span> <span class='ocrx_word' id='word_1_182' title='bbox 892 3002 1001 3059; x_wconf 90' lang='lat' dir='ltr'>morte</span> <span class='ocrx_word' id='word_1_183' title='bbox 1027 2994 1084 3060; x_wconf 74' lang='grc'>41</span> <span class='ocrx_word' id='word_1_184' title='bbox 1112 2991 1198 3079; x_wconf 90' lang='lat' dir='ltr'>Iulij.</span> <span class='ocrx_word' id='word_1_185' title='bbox 1230 2993 1455 3059; x_wconf 88' lang='lat' dir='ltr'>Commendat</span> <span class='ocrx_word' id='word_1_186' title='bbox 1481 2989 1568 3056; x_wconf 85' lang='lat' dir='ltr'>mihi</span> 
     </span>
     <span class='ocr_line' id='line_1_22' title="bbox 345 3105 1569 3194; baseline -0.001 -21"><span class='ocrx_word' id='word_1_187' title='bbox 345 3117 560 3194; x_wconf 85' lang='lat' dir='ltr'>augustanus</span> <span class='ocrx_word' id='word_1_188' title='bbox 574 3117 612 3172; x_wconf 88' lang='lat' dir='ltr'>vt</span> <span class='ocrx_word' id='word_1_189' title='bbox 626 3105 734 3174; x_wconf 89' lang='lat' dir='ltr'>visam</span> <span class='ocrx_word' id='word_1_190' title='bbox 751 3107 960 3194; x_wconf 91' lang='lat' dir='ltr'>dilinganam</span> <span class='ocrx_word' id='word_1_191' title='bbox 975 3107 1195 3188; x_wconf 85' lang='lat' dir='ltr'>academiam,</span> <span class='ocrx_word' id='word_1_192' title='bbox 1212 3129 1280 3192; x_wconf 92' lang='lat' dir='ltr'>quo</span> <span class='ocrx_word' id='word_1_193' title='bbox 1300 3106 1425 3193; x_wconf 90' lang='lat' dir='ltr'>possim</span> <span class='ocrx_word' id='word_1_194' title='bbox 1446 3108 1490 3176; x_wconf 89' lang='lat' dir='ltr'>de</span> <span class='ocrx_word' id='word_1_195' title='bbox 1509 3105 1569 3172; x_wconf 86' lang='lat' dir='ltr'>illa</span> 
     </span>
     <span class='ocr_line' id='line_1_23' title="bbox 345 3209 1566 3309; baseline -0.002 -21"><span class='ocrx_word' id='word_1_196' title='bbox 345 3223 471 3293; x_wconf 83' lang='lat' dir='ltr'>referre</span> <span class='ocrx_word' id='word_1_197' title='bbox 501 3223 544 3289; x_wconf 92' lang='lat' dir='ltr'>ad</span> <span class='ocrx_word' id='word_1_198' title='bbox 575 3222 781 3309; x_wconf 83' lang='lat' dir='ltr'>pontificem.</span> <span class='ocrx_word' id='word_1_199' title='bbox 820 3225 961 3292; x_wconf 91' lang='lat' dir='ltr'>Abeunt</span> <span class='ocrx_word' id='word_1_200' title='bbox 997 3225 1137 3290; x_wconf 90' lang='lat' dir='ltr'>Romam</span> <span class='ocrx_word' id='word_1_201' title='bbox 1174 3209 1384 3290; x_wconf 81' lang='lat' dir='ltr'>cardinales:</span> <span class='ocrx_word' id='word_1_202' title='bbox 1421 3221 1566 3290; x_wconf 87' lang='lat' dir='ltr'>discedit</span> 
     </span>
     <span class='ocr_line' id='line_1_24' title="bbox 345 3337 1566 3426; baseline -0.002 -21"><span class='ocrx_word' id='word_1_203' title='bbox 345 3340 385 3405; x_wconf 92' lang='lat' dir='ltr'><strong>P.</strong></span> <span class='ocrx_word' id='word_1_204' title='bbox 408 3339 559 3424; x_wconf 90' lang='lat' dir='ltr'>Laynes:</span> <span class='ocrx_word' id='word_1_205' title='bbox 583 3359 650 3425; x_wconf 91' lang='lat' dir='ltr'>ego</span> <span class='ocrx_word' id='word_1_206' title='bbox 669 3341 793 3408; x_wconf 89' lang='lat' dir='ltr'>haereo</span> <span class='ocrx_word' id='word_1_207' title='bbox 815 3341 905 3425; x_wconf 91' lang='lat' dir='ltr'>apud</span> <span class='ocrx_word' id='word_1_208' title='bbox 925 3341 1133 3426; x_wconf 91' lang='lat' dir='ltr'>Delphinum</span> <span class='ocrx_word' id='word_1_209' title='bbox 1160 3338 1331 3405; x_wconf 88' lang='lat' dir='ltr'>nuntium:</span> <span class='ocrx_word' id='word_1_210' title='bbox 1362 3338 1464 3405; x_wconf 89' lang='lat' dir='ltr'>audio</span> <span class='ocrx_word' id='word_1_211' title='bbox 1490 3337 1566 3406; x_wconf 90' lang='lat' dir='ltr'>eius</span> 
     </span>
     <span class='ocr_line' id='line_1_25' title="bbox 344 3453 1564 3523; baseline -0.001 -3"><span class='ocrx_word' id='word_1_212' title='bbox 344 3453 591 3522; x_wconf 82' lang='lat' dir='ltr'>contessionem</span> <span class='ocrx_word' id='word_1_213' title='bbox 608 3463 643 3523; x_wconf 92' lang='lat' dir='ltr'>et</span> <span class='ocrx_word' id='word_1_214' title='bbox 659 3453 806 3521; x_wconf 84' lang='lat' dir='ltr'>familiae</span> <span class='ocrx_word' id='word_1_215' title='bbox 821 3453 855 3521; x_wconf 91' lang='lat' dir='ltr'>in</span> <span class='ocrx_word' id='word_1_216' title='bbox 877 3456 1090 3523; x_wconf 90' lang='lat' dir='ltr'>hebdomada</span> <span class='ocrx_word' id='word_1_217' title='bbox 1111 3466 1240 3522; x_wconf 91' lang='lat' dir='ltr'>sancta:</span> <span class='ocrx_word' id='word_1_218' title='bbox 1260 3454 1360 3522; x_wconf 92' lang='lat' dir='ltr'>audio</span> <span class='ocrx_word' id='word_1_219' title='bbox 1380 3455 1564 3520; x_wconf 88' lang='lat' dir='ltr'>multorum</span> 
     </span>
     <span class='ocr_line' id='line_1_26' title="bbox 343 3568 1568 3656; baseline 0.001 -22"><span class='ocrx_word' id='word_1_220' title='bbox 343 3568 576 3654; x_wconf 90' lang='lat' dir='ltr'>hispanorum,</span> <span class='ocrx_word' id='word_1_221' title='bbox 590 3568 679 3639; x_wconf 91' lang='lat' dir='ltr'>inter</span> <span class='ocrx_word' id='word_1_222' title='bbox 690 3572 754 3637; x_wconf 90' lang='lat' dir='ltr'>hos</span> <span class='ocrx_word' id='word_1_223' title='bbox 765 3569 902 3638; x_wconf 89' lang='lat' dir='ltr'>Martini</span> <span class='ocrx_word' id='word_1_224' title='bbox 914 3570 1094 3651; x_wconf 91' lang='lat' dir='ltr'>Gusmani,</span> <span class='ocrx_word' id='word_1_225' title='bbox 1108 3569 1255 3656; x_wconf 86' lang='lat' dir='ltr'>primarij</span> <span class='ocrx_word' id='word_1_226' title='bbox 1270 3570 1382 3638; x_wconf 92' lang='lat' dir='ltr'>aulici.</span> <span class='ocrx_word' id='word_1_227' title='bbox 1398 3569 1466 3637; x_wconf 89' lang='lat' dir='ltr'>Hic</span> <span class='ocrx_word' id='word_1_228' title='bbox 1482 3572 1568 3638; x_wconf 86' lang='lat' dir='ltr'>noui</span> 
     </span>
     <span class='ocr_line' id='line_1_27' title="bbox 344 3683 1559 3774; baseline 0.002 -23"><span class='ocrx_word' id='word_1_229' title='bbox 344 3686 532 3770; x_wconf 89' lang='lat' dir='ltr'>Nogeram,</span> <span class='ocrx_word' id='word_1_230' title='bbox 550 3683 608 3769; x_wconf 92' lang='lat' dir='ltr'>qui</span> <span class='ocrx_word' id='word_1_231' title='bbox 625 3696 708 3753; x_wconf 91' lang='lat' dir='ltr'>tunc</span> <span class='ocrx_word' id='word_1_232' title='bbox 724 3696 797 3753; x_wconf 90' lang='lat' dir='ltr'>erat</span> <span class='ocrx_word' id='word_1_233' title='bbox 813 3689 1015 3774; x_wconf 90' lang='lat' dir='ltr'>pedagogus</span> <span class='ocrx_word' id='word_1_234' title='bbox 1035 3685 1093 3772; x_wconf 89' lang='lat' dir='ltr'>filij</span> <span class='ocrx_word' id='word_1_235' title='bbox 1116 3685 1268 3754; x_wconf 90' lang='lat' dir='ltr'>Martini:</span> <span class='ocrx_word' id='word_1_236' title='bbox 1286 3686 1352 3752; x_wconf 86' lang='lat' dir='ltr'>fuit</span> <span class='ocrx_word' id='word_1_237' title='bbox 1366 3697 1488 3773; x_wconf 89' lang='lat' dir='ltr'>postea</span> <span class='ocrx_word' id='word_1_238' title='bbox 1503 3688 1559 3754; x_wconf 92' lang='lat' dir='ltr'>de·</span> 
     </span>
     <span class='ocr_line' id='line_1_28' title="bbox 344 3799 788 3892; baseline 0.002 -25"><span class='ocrx_word' id='word_1_239' title='bbox 344 3820 451 3867; x_wconf 90' lang='lat' dir='ltr'>canus</span> <span class='ocrx_word' id='word_1_240' title='bbox 467 3799 674 3882; x_wconf 86' lang='lat' dir='ltr'>viennensis,</span> <span class='ocrx_word' id='word_1_241' title='bbox 693 3813 758 3871; x_wconf 91' lang='lat' dir='ltr'>etc.</span> <span class='ocrx_word' id='word_1_242' title='bbox 781 3803 788 3892; x_wconf 88' lang='grc' dir='ltr'>Ι</span> 
     </span>
    </p>

    <p class='ocr_par' dir='ltr' id='par_1_7' title="bbox 342 3917 1573 4482">
     <span class='ocr_line' id='line_1_29' title="bbox 411 3917 1563 4006; baseline 0.001 -23"><span class='ocrx_word' id='word_1_243' title='bbox 411 3918 497 3984; x_wconf 89' lang='lat' dir='ltr'>Post</span> <span class='ocrx_word' id='word_1_244' title='bbox 511 3918 638 4002; x_wconf 91' lang='lat' dir='ltr'>pascha</span> <span class='ocrx_word' id='word_1_245' title='bbox 649 3917 790 3986; x_wconf 87' lang='lat' dir='ltr'>discessi</span> <span class='ocrx_word' id='word_1_246' title='bbox 805 3941 884 3986; x_wconf 89' lang='lat' dir='ltr'>cum</span> <span class='ocrx_word' id='word_1_247' title='bbox 900 3920 982 3986; x_wconf 92' lang='lat' dir='ltr'>Iona</span> <span class='ocrx_word' id='word_1_248' title='bbox 993 3917 1179 4006; x_wconf 89' lang='lat' dir='ltr'>Dilingam.</span> <span class='ocrx_word' id='word_1_249' title='bbox 1196 3918 1330 3986; x_wconf 88' lang='lat' dir='ltr'>Placuit</span> <span class='ocrx_word' id='word_1_250' title='bbox 1344 3919 1563 4000; x_wconf 89' lang='lat' dir='ltr'>vniuersitas;</span> 
     </span>
     <span class='ocr_line' id='line_1_30' title="bbox 342 4031 1567 4121; baseline 0.002 -23"><span class='ocrx_word' id='word_1_251' title='bbox 342 4031 425 4100; x_wconf 92' lang='lat' dir='ltr'>noui</span> <span class='ocrx_word' id='word_1_252' title='bbox 441 4031 488 4099; x_wconf 94' lang='lat' dir='ltr'>ibi</span> <span class='ocrx_word' id='word_1_253' title='bbox 504 4033 730 4116; x_wconf 91' lang='lat' dir='ltr'>Hundanum,</span> <span class='ocrx_word' id='word_1_254' title='bbox 748 4044 783 4100; x_wconf 91' lang='lat' dir='ltr'>et</span> <span class='ocrx_word' id='word_1_255' title='bbox 798 4034 933 4121; x_wconf 91' lang='lat' dir='ltr'>egimus</span> <span class='ocrx_word' id='word_1_256' title='bbox 949 4037 992 4103; x_wconf 90' lang='lat' dir='ltr'>de</span> <span class='ocrx_word' id='word_1_257' title='bbox 1012 4033 1131 4116; x_wconf 90' lang='lat' dir='ltr'>literis,</span> <span class='ocrx_word' id='word_1_258' title='bbox 1150 4046 1215 4102; x_wconf 88' lang='lat' dir='ltr'>etc.</span> <span class='ocrx_word' id='word_1_259' title='bbox 1238 4035 1321 4102; x_wconf 91' lang='lat' dir='ltr'>lnde</span> <span class='ocrx_word' id='word_1_260' title='bbox 1341 4034 1484 4121; x_wconf 84' lang='lat' dir='ltr'>profecti</span> <span class='ocrx_word' id='word_1_261' title='bbox 1503 4056 1567 4101; x_wconf 80' lang='lat' dir='ltr'>su-</span> 
     </span>
     <span class='ocr_line' id='line_1_31' title="bbox 343 4147 1565 4236; baseline 0.002 -22"><span class='ocrx_word' id='word_1_262' title='bbox 343 4169 421 4215; x_wconf 88' lang='lat' dir='ltr'>mus</span> <span class='ocrx_word' id='word_1_263' title='bbox 436 4149 537 4215; x_wconf 89' lang='lat' dir='ltr'>lonas</span> <span class='ocrx_word' id='word_1_264' title='bbox 553 4158 588 4217; x_wconf 90' lang='lat' dir='ltr'>et</span> <span class='ocrx_word' id='word_1_265' title='bbox 605 4169 671 4236; x_wconf 92' lang='lat' dir='ltr'>ego</span> <span class='ocrx_word' id='word_1_266' title='bbox 699 4147 878 4230; x_wconf 88' lang='lat' dir='ltr'>Viennam,</span> <span class='ocrx_word' id='word_1_267' title='bbox 908 4172 985 4217; x_wconf 92' lang='lat' dir='ltr'>nam</span> <span class='ocrx_word' id='word_1_268' title='bbox 1014 4148 1049 4215; x_wconf 91' lang='lat' dir='ltr'>in</span> <span class='ocrx_word' id='word_1_269' title='bbox 1077 4150 1205 4218; x_wconf 89' lang='lat' dir='ltr'>Sueuia</span> <span class='ocrx_word' id='word_1_270' title='bbox 1231 4151 1285 4217; x_wconf 96' lang='lat' dir='ltr'>vel</span> <span class='ocrx_word' id='word_1_271' title='bbox 1314 4148 1459 4218; x_wconf 89' lang='lat' dir='ltr'>Bauaria</span> <span class='ocrx_word' id='word_1_272' title='bbox 1480 4149 1565 4216; x_wconf 92' lang='lat' dir='ltr'>nihil</span> 
     </span>
     <span class='ocr_line' id='line_1_32' title="bbox 342 4264 1573 4353; baseline 0.001 -23"><span class='ocrx_word' id='word_1_273' title='bbox 342 4265 563 4332; x_wconf 88' lang='lat' dir='ltr'>habebamus.</span> <span class='ocrx_word' id='word_1_274' title='bbox 595 4264 799 4351; x_wconf 88' lang='lat' dir='ltr'>Episcopum</span> <span class='ocrx_word' id='word_1_275' title='bbox 826 4265 1094 4352; x_wconf 90' lang='lat' dir='ltr'>ratisponensem</span> <span class='ocrx_word' id='word_1_276' title='bbox 1117 4288 1220 4353; x_wconf 89' lang='lat' dir='ltr'>aegre</span> <span class='ocrx_word' id='word_1_277' title='bbox 1240 4266 1413 4352; x_wconf 90' lang='lat' dir='ltr'>potuimus</span> <span class='ocrx_word' id='word_1_278' title='bbox 1437 4267 1573 4333; x_wconf 48' lang='lat' dir='ltr'>saluta-¹</span> 
     </span>
     <span class='ocr_line' id='line_1_33' title="bbox 344 4379 1568 4482; baseline -0.001 -36"><span class='ocrx_word' id='word_1_279' title='bbox 344 4400 392 4461; x_wconf 87' lang='lat' dir='ltr'>re,</span> <span class='ocrx_word' id='word_1_280' title='bbox 411 4390 477 4482; x_wconf 81' lang='lat' dir='ltr'>etc.</span> <span class='ocrx_word' id='word_1_281' title='bbox 496 4381 533 4446; x_wconf 93' lang='lat' dir='ltr'>ln</span> <span class='ocrx_word' id='word_1_282' title='bbox 550 4379 672 4448; x_wconf 90' lang='lat' dir='ltr'>itinere</span> <span class='ocrx_word' id='word_1_283' title='bbox 687 4379 836 4448; x_wconf 91' lang='lat' dir='ltr'>viatores</span> <span class='ocrx_word' id='word_1_284' title='bbox 852 4381 980 4468; x_wconf 89' lang='lat' dir='ltr'>aliquot</span> <span class='ocrx_word' id='word_1_285' title='bbox 995 4381 1171 4463; x_wconf 90' lang='lat' dir='ltr'>haeretici,</span> <span class='ocrx_word' id='word_1_286' title='bbox 1195 4383 1273 4451; x_wconf 87' lang='lat' dir='ltr'>sacti</span> <span class='ocrx_word' id='word_1_287' title='bbox 1294 4383 1392 4450; x_wconf 93' lang='lat' dir='ltr'>nobis</span> <span class='ocrx_word' id='word_1_288' title='bbox 1413 4381 1568 4464; x_wconf 64' lang='lat' dir='ltr'>obuiam,</span> 
     </span>
    </p>
   </div>
   <div class='ocr_carea' id='block_1_5' title="bbox 398 4631 810 4706">
    <p class='ocr_par' dir='ltr' id='par_1_8' title="bbox 398 4631 810 4706">
     <span class='ocr_line' id='line_1_34' title="bbox 398 4631 810 4706; baseline 0.002 -19"><span class='ocrx_word' id='word_1_289' title='bbox 398 4636 406 4668; x_wconf 85' lang='lat'><strong>¹</strong></span> <span class='ocrx_word' id='word_1_290' title='bbox 444 4631 512 4704; x_wconf 64' lang='lat' dir='ltr'>Ma,</span> <span class='ocrx_word' id='word_1_291' title='bbox 519 4631 590 4705; x_wconf 84' lang='lat' dir='ltr'>suit</span> <span class='ocrx_word' id='word_1_292' title='bbox 603 4635 724 4689; x_wconf 80' lang='lat' dir='ltr'>tandem</span> <span class='ocrx_word' id='word_1_293' title='bbox 732 4632 810 4706; x_wconf 77' lang='lat' dir='ltr'>fuit.</span> 
     </span>
    </p>
   </div>
   <div class='ocr_carea' id='block_1_6' title="bbox 0 0 1838 5383">
    <p class='ocr_par' dir='ltr' id='par_1_9' title="bbox 0 0 1838 5383">
     <span class='ocr_line' id='line_1_35' title="bbox 0 0 1838 5383; baseline 0 0"><span class='ocrx_word' id='word_1_294' title='bbox 0 0 1838 5383; x_wconf 95' lang='lat' dir='ltr'> </span> 
     </span>
    </p>
   </div>
  </div>
 </body>
</html>
