3666 5384
389 469 426 526 32
812 471 845 529 P.
866 471 1008 528 Nireus
1026 471 1192 527 Ernerrun.

389 625 512 692 uocaui
527 635 562 692 et
577 623 781 694 domesticos
797 633 832 692 et
847 623 1054 710 collegiales,
1072 623 1265 692 sacerdotes
1285 645 1414 706 omnes,
1437 632 1615 709 praeterea

389 739 494 807 laicos
509 739 725 823 domesticos,
739 749 774 807 et
789 739 890 806 dictis
909 737 1093 825 suffragijs,
1116 737 1283 824 eligerent
1302 759 1420 818 vnum,
1437 737 1496 824 qui
1515 739 1614 808 vices

389 865 524 942 gereret
550 866 585 922 et
611 853 790 924 adiuuaret
811 856 851 922 P.
874 853 1056 941 ignatium:
1080 852 1237 920 omnibus
1257 853 1430 940 suffragijs
1451 853 1609 938 (sirecte

388 969 537 1056 memini)
552 972 731 1057 elegerunt
745 992 810 1038 me.
831 973 992 1038 Praeerat
1006 991 1088 1036 vero
1104 967 1290 1034 conuentui
1303 967 1489 1050 Bobadilla‚
1503 990 1606 1054 quern

387 1075 497 1144 voluit
527 1080 570 1144 ab
600 1077 760 1164 suffragio
788 1075 925 1163 passiuo
955 1076 1131 1142 exclusum
1159 1077 1198 1141 P.
1229 1073 1392 1161 [gnatius.
1428 1075 1610 1142 Commisit

390 1193 431 1258 P.
452 1191 606 1278 Ignatius
621 1203 739 1278 postea
761 1190 956 1259 Bobadillae
979 1193 1002 1272 ¹,
1021 1190 1185 1269 Polanco,
1208 1189 1290 1254 mihi
1313 1199 1347 1257 et
1366 1189 1484 1276 paucis
1506 1212 1606 1278 prae·

390 1316 482 1376 terea
496 1318 534 1372 vt
549 1307 804 1374 consuleremus
816 1307 878 1373 42
889 1305 977 1371 inter
989 1325 1054 1372 nos
1069 1306 1161 1389 quod
1176 1301 1301 1371 nomen
1315 1306 1453 1372 daretur
1469 1305 1580 1372 officio
1592 1309 1607 1340 '

388 1424 479 1506 quod
496 1421 578 1488 mihi
593 1432 666 1488 erat
682 1420 890 1508 impositum.
909 1420 974 1488 Fui
989 1441 1056 1508 ego
1072 1431 1193 1486 auctor
1209 1430 1246 1485 vt
1262 1421 1405 1502 nullum;
1424 1442 1530 1506 quum
1549 1421 1610 1508 alij

386 1537 551 1604 vicariurn
571 1538 710 1618 vellent,
733 1536 787 1622 alij
814 1535 1081 1604 commissarium
1102 1535 1308 1623 generalem:
1332 1558 1406 1605 mea
1429 1550 1501 1605 erat
1520 1539 1608 1607 haec

388 1652 485 1735 ratio,
508 1652 592 1719 nihil
619 1651 729 1739 magis
756 1673 831 1720 esse
857 1651 1087 1720 necessarium
1118 1650 1282 1720 Societati
1308 1673 1409 1737 quam
1437 1651 1611 1740 generalis

386 1764 591 1856 praepolsiti]
607 1765 854 1846 auctoritatem,
869 1787 944 1835 eam
955 1766 1049 1832 nulla
1060 1765 1190 1834 ratione
1206 1767 1331 1835 debere
1342 1767 1522 1848 debilitari,
1536 1779 1602 1835 etc.

386 1881 523 1968 Incoepi
543 1903 663 1969 gerere
684 1881 843 1968 negocia:
871 1881 986 1948 venire
1009 1882 1052 1948 ad
1077 1903 1132 1949 me
1151 1881 1343 1949 ministrum
1362 1883 1553 1968 Goncalum
1568 1895 1607 1951 et

387 1999 427 2064 P.
448 1997 647 2080 Polancum,
671 2007 737 2065 etc.
762 1995 900 2064 Offendi
922 1999 961 2063 P.
986 1996 1156 2083 lgnatium
1175 2017 1250 2064 mea
1270 1996 1275 2085 Ι
1295 1997 1549 2083 importunjtate
1568 2010 1608 2065 et

386 2112 618 2192 irreuerentia,
651 2134 757 2197 quum
788 2121 922 2199 tempus
952 2112 1114 2179 orationis
1140 2114 1380 2182 contenderem
1408 2115 1605 2200 augendum

386 2249 474 2311 esse,
498 2238 564 2296 etc.
588 2227 644 2296 Nil
666 2240 746 2294 tunc
767 2227 863 2310 dixit3
887 2230 948 2295 sed
967 2227 1128 2316 postridie
1150 2228 1300 2295 acerbes
1323 2250 1436 2297 coram
1463 2230 1608 2297 delectis

387 2365 441 2410 me
456 2343 683 2430 reprehendit:
702 2354 820 2429 postea
834 2366 904 2410 non
919 2344 1101 2410 admodum
1117 2365 1199 2410 vsus
1213 2354 1267 2410 est
1282 2365 1357 2412 mea
1376 2365 1489 2432 opera.
1513 2348 1605 2413 Poe-

387 2457 564 2526 nitentiam
588 2457 682 2524 dedit
709 2457 799 2525 enim
826 2459 991 2541 ministro,
1010 2469 1047 2524 vt
1071 2459 1269 2544 loqueretur
1300 2459 1364 2526 sibi
1391 2482 1469 2528 cum
1496 2460 1608 2547 primo

388 2583 470 2639 tono
490 2573 514 2640 ⁸.
541 2572 655 2640 Edidit
675 2595 715 2642 eo
743 2583 895 2658 tempore
922 2574 1060 2638 modum
1080 2573 1206 2660 agendi
1225 2595 1303 2641 cum
1323 2575 1509 2662 superiore,
1531 2575 1605 2642 exi-

386 2688 487 2756 stimo
503 2699 640 2776 propter
656 2709 764 2758 meam
780 2687 1025 2756 immodestiam
1042 2689 1098 2754 vel
1112 2689 1413 2776 importunitatem3
1431 2701 1467 2758 et
1490 2701 1604 2760 tamen

385 2805 451 2870 hoc
467 2814 617 2889 tempore
637 2804 744 2870 multa
763 2811 856 2883 sunt,
879 2822 934 2869 me
957 2804 1136 2886 referente,
1153 2803 1245 2870 domi
1265 2803 1453 2874 immutata.
1476 2808 1529 2875 De
1548 2805 1601 2874 in-

386 2918 546 2987 uentione
573 2929 742 2985 tonorum.
772 2919 816 2984 Et
840 2920 909 2984 huc
936 2917 1097 2999 attinent,
1130 2940 1284 3004 eaquae
1319 2921 1602 3004 quaterdssnione

384 3059 401 3093 α
424 3031 461 3124 [l]
478 3035 489 3068 ³
505 3043 586 3100 sunt
601 3043 774 3100 annotata.

451 3149 588 3215 Emerat
605 3151 645 3216 P.
663 3147 818 3235 Ignatius
832 3147 967 3215 vineam
979 3150 1023 3215 ab
1034 3151 1231 3218 Alexandro
1242 3152 1402 3232 hebrae0,
1416 3155 1600 3239 neophyt0,

384 3274 420 3331 et
436 3262 631 3332 aedificauit
646 3265 783 3330 domum
799 3285 843 3330 ex
858 3263 998 3330 consilio
1015 3266 1062 3331 M.
1085 3265 1288 3332 Alexandri:
1307 3265 1514 3334 existimauit
1529 3289 1605 3337 esse

384 3401 469 3447 sano
481 3380 661 3446 loco.Erat
673 3380 800 3445 Romae
811 3380 880 3445 don
892 3378 1113 3461 Tbeotonius‚
1130 3379 1262 3464 quinon
1274 3382 1430 3467 placebat
1447 3383 1486 3449 P.
1501 3383 1603 3472 lgna-

385 3493 444 3577 tio,
470 3504 504 3560 et
521 3494 593 3580 ipse
613 3493 711 3560 facile
732 3495 1004 3580 perturbabatur:
1028 3493 1222 3564 residebant
1241 3496 1277 3562 in
1294 3496 1368 3583 ipso
1384 3497 1545 3584 reliquiae
1560 3521 1602 3566 ex

383 3608 530 3694 dissidijs
550 3607 740 3695 praeteritis
761 3610 801 3675 Ρ.
831 3607 990 3676 Simonis:
1015 3609 1170 3677 exhibuit
1195 3612 1372 3698 negotium
1390 3614 1431 3679 P.
1454 3615 1598 3701 Ignatio.

383 3727 424 3792 P.
454 3723 629 3793 Simonem
663 3722 813 3792 intellexi
844 3722 948 3790 luisse
979 3725 1106 3793 Romae
1137 3727 1320 3793 admodum
1351 3730 1600 3814 perturbatum,

383 3838 476 3924 quod
493 3860 562 3905 non
577 3848 692 3924 posset
711 3837 774 3905 sibi
794 3837 990 3924 persuaderi
1010 3860 1080 3905 non
1101 3839 1204 3908 luisse
1224 3840 1271 3908 illi
1288 3843 1410 3910 factam
1430 3843 1599 3924 iniuriam3

382 3975 453 4021 non
468 3953 573 4020 fuisse
599 3954 806 4020 credendum
832 3952 1053 4035 delatoribus,
1072 3965 1139 4022 etc.
1162 3958 1212 4022 Eo
1228 3979 1281 4024 res
1303 3957 1424 4040 euasit,
1447 3969 1485 4024 vt
1500 3961 1603 4026 domo

382 4068 541 4157 iuberet!
561 4066 677 4160 [exire]
697 4068 868 4138 Simonem
892 4069 1063 4154 lgnatiuS,
1086 4092 1165 4138 nam
1184 4073 1295 4140 noluit
1315 4084 1405 4142 stare
1432 4073 1602 4142 iudicibus

438 4225 445 4255 ¹
483 4221 551 4292 Me,
565 4219 756 4275 Babadillae.
871 4245 876 4252 ·

434 4313 445 4343 ¹
483 4309 715 4382 Ms.‚officium.

435 4399 446 4430 ⁵
483 4399 666 4466 Ms.,acerbe
676 4415 733 4454 me.

433 4489 446 4519 ⁴
482 4485 565 4541 Haec
586 4486 768 4542 enucleatius
792 4488 831 4541 ab
853 4485 917 4560 ipso
943 4487 1076 4545 ministro
1102 4489 1249 4562 explicata
1271 4492 1338 4548 vide
1362 4491 1392 4547 in
1413 4494 1512 4566 Epist.
1540 4495 1600 4550 Na-

379 4574 448 4644 tat,
463 4575 487 4644 1,
501 4573 546 4644 37,
560 4583 659 4630 annot.
671 4573 698 4629 3.

432 4665 444 4697 ³
481 4661 546 4718 Non
558 4664 636 4719 clare
649 4663 777 4720 discerni
789 4673 888 4738 potest
900 4683 938 4722 an
949 4683 976 4738 a,
991 4667 1038 4723 vel
1052 4667 1131 4724 aliud
1144 4669 1240 4726 simile
1253 4671 1300 4726 hic
1313 4671 1453 4745 scriptum
1467 4673 1516 4730 sit.
