3526 5380
385 481 436 554 184
797 483 909 538 Errsr.
929 481 962 534 Ρ.
983 479 1184 552 ΝΛΜ-,243

332 660 336 670 ’
382 635 450 702 fine
466 638 530 702 che
545 634 574 702 si
585 633 747 720 pretende
762 654 863 700 serua
873 634 905 698 la
917 629 1160 712 satisfactione,
1176 632 1275 718 quale
1287 631 1390 702 etiam
1403 643 1574 700 mostraua
1589 635 1600 670 ¹

383 749 556 836 singulare
578 749 602 814 il
625 748 783 816 cardenal
806 747 840 812 di
864 749 1007 815 Lorena.
1027 748 1158 831 Questa
1179 747 1320 813 mattina
1336 747 1360 813 l'
1377 749 1491 814 hanno
1506 747 1601 815 chia-

381 875 472 932 mato
489 865 539 930 fra
554 863 678 950 puochi
694 861 847 949 deputati
864 884 924 949 per
941 863 1176 929 accommodat
1187 865 1294 950 (come
1305 861 1417 949 credo)
1429 860 1454 927 li
1465 863 1599 946 canoni,

380 989 417 1048 et
431 979 483 1046 cib
499 983 564 1048 che
579 978 607 1045 si
623 982 666 1046 ha
682 979 725 1046 de
742 978 915 1064 publicare
931 977 1021 1047 nella
1036 977 1199 1062 prossima
1220 977 1371 1046 sessione
1390 978 1415 1043 ¹.
1434 977 1552 1066 Hoggi
1572 977 1602 1044 si

379 1093 583 1162 cominciara
606 1117 625 1161 a
649 1105 788 1162 trattare
811 1091 900 1160 della
922 1092 1116 1174 residentia,
1142 1104 1176 1162 et
1204 1103 1298 1160 tanta
1321 1092 1423 1162 fretta
1447 1092 1603 1180 potriano

380 1211 462 1278 dare
472 1208 699 1296 inexpedirsi,
714 1211 778 1276 che
791 1231 850 1296 per
861 1209 885 1274 il
898 1207 1018 1296 giorno
1031 1207 1211 1296 designato
1226 1207 1305 1278 delli
1323 1226 1360 1291 17
1374 1208 1429 1277 del
1444 1219 1603 1294 presente

379 1325 409 1391 si
424 1325 549 1412 potessi
567 1325 637 1392 fare
653 1325 686 1390 la
702 1323 866 1404 sessione,
885 1326 949 1390 che
966 1326 1041 1390 sara
1057 1323 1091 1389 di
1108 1346 1175 1410 qua
1191 1346 1211 1391 a
1225 1333 1298 1391 otto
1312 1323 1347 1391 di
1363 1325 1388 1390 ⁸.

449 1459 481 1508 2.
530 1441 566 1505 ln
583 1441 690 1506 Roma
710 1437 805 1505 molti
825 1438 904 1508 delli
926 1437 1033 1506 nostri
1056 1450 1178 1505 stanno
1194 1437 1328 1505 amalati
1343 1439 1387 1505 da
1406 1448 1526 1524 questo
1541 1459 1601 1505 ca-

380 1565 482 1637 tarr0,
501 1576 597 1623 come
613 1558 722 1621 anche
737 1555 825 1624 nelle
841 1555 926 1622 altre
941 1557 1053 1622 bande
1068 1557 1111 1622 de
1126 1553 1221 1622 Italia
1237 1554 1349 1640 afflige
1366 1553 1461 1622 molti
1481 1565 1603 1638 questa

380 1669 566 1752 influentia,
584 1681 619 1738 et
635 1671 729 1737 molti
745 1671 890 1739 moiono.
910 1672 1040 1739 Perche
1060 1669 1184 1738 dicono
1204 1673 1269 1738 che
1288 1670 1338 1736 sia
1355 1691 1422 1736 una
1438 1669 1550 1756 specie
1564 1667 1601 1734 di

380 1796 488 1872 peste,
506 1797 539 1854 et
554 1785 580 1851 li
596 1785 717 1854 medici
733 1787 978 1853 commandano
995 1784 1172 1872 guardarsi
1187 1805 1285 1853 come
1296 1786 1331 1850 d’
1346 1783 1505 1851 infirmita
1515 1805 1602 1851 con-

382 1899 524 1988 tagiosa.
552 1903 711 1970 Nessuno
733 1921 797 1987 pur
819 1903 838 1967 ὁ
862 1911 972 1967 morto
995 1899 1074 1968 delli
1090 1901 1209 1981 nostri,
1227 1900 1293 1968 Dio
1314 1900 1464 1982 laudate,
1482 1899 1557 1966 anzi
1571 1898 1604 1966 si

379 2016 502 2082 leuano
525 2015 611 2083 assai
636 2027 760 2101 presto.
788 2017 831 2084 V.
857 2019 898 2083 R.
917 2015 1131 2084 raccomandi
1146 2027 1181 2083 et
1202 2015 1309 2082 faccia
1325 2015 1565 2082 raccomandar
1582 2037 1605 2082 a

383 2201 473 2272 Hugo
485 2201 602 2269 (Sacrae
617 2201 808 2274 Antiquitatis
822 2203 1020 2258 Monumenta.
1034 2201 1161 2274 Stivagii
1180 2213 1259 2272 1725,
1273 2219 1339 2274 pag.
1353 2199 1418 2271 349)
1430 2201 1604 2274 deprompto

385 2288 458 2344 haec
471 2289 521 2343 ait:
538 2290 612 2344 «Die
625 2289 761 2346 Mercurii
772 2306 846 2345 nona
856 2289 1062 2346 Decembris...
1073 2307 1090 2344 a
1100 2289 1222 2345 meridie
1232 2290 1358 2361 Jacobus
1369 2289 1486 2358 Lainez,
1494 2287 1602 2360 Hispa·

385 2393 452 2447 nus,
466 2377 648 2450 praepositus
660 2379 807 2450 generalis
821 2378 977 2434 Societatis
990 2380 1062 2450 Jesu
1079 2379 1164 2450 dixit,
1179 2379 1230 2434 sed
1246 2396 1304 2434 non
1316 2377 1470 2434 admodum
1488 2376 1604 2432 satisfe-

380 2465 450 2521 cit.»
461 2467 506 2521 lta
518 2467 722 2539 compendium
735 2469 803 2523 hoc.
821 2467 919 2540 Ipsum
929 2485 1000 2524 vero
1009 2468 1131 2523 diarium
1143 2468 1288 2538 integrum
1299 2485 1316 2522 a
1326 2466 1477 2537 Dollinger
1488 2466 1601 2522 editum

380 2555 532 2624 (Berichte
543 2557 606 2611 und
621 2557 809 2630 Tagelnicher
819 2575 875 2612 eur
887 2555 1034 2612 Gaschiste
1044 2559 1094 2612 des
1107 2556 1224 2612 Concils
1233 2575 1291 2612 von
1306 2557 1420 2620 Trioni,
1431 2556 1471 2625 11,
1483 2557 1548 2624 224)
1560 2553 1604 2610 ita

379 2661 497 2715 prorsus
510 2646 607 2699 habet:
625 2645 698 2700 «Die
712 2645 881 2701 Mercurii...
897 2663 913 2700 a
927 2645 1047 2700 meridie
1058 2647 1184 2716 Jacobus
1198 2645 1306 2701 Lainez
1318 2644 1404 2715 dixit,
1414 2644 1466 2698 sed
1479 2659 1602 2715 pauca.»

380 2733 465 2802 Quae
478 2732 595 2804 quidem
608 2733 731 2788 mutatio
744 2750 801 2789 non
814 2751 884 2789 casu
896 2733 973 2789 iacta
987 2734 1078 2790 luisse
1091 2734 1217 2804 videtur,
1232 2733 1403 2805 praesertim
1415 2731 1441 2787 si
1451 2750 1518 2804 prae
1530 2747 1600 2787 ocu-

379 2821 416 2877 lis
429 2822 591 2878 habeantur
604 2821 758 2878 diuturnae
771 2823 988 2879 controversiae
1002 2832 1033 2880 et
1042 2824 1174 2894 opposita
1184 2823 1291 2894 studia,
1300 2839 1375 2895 quae
1388 2821 1499 2877 induas
1509 2821 1601 2894 potis·

377 2910 485 2966 simum
499 2919 596 2982 partes
610 2910 782 2966 scindebant
795 2919 893 2984 patres
905 2921 935 2967 et
949 2913 1099 2982 theologos
1112 2911 1296 2980 tridentinos3
1312 2929 1348 2966 ex
1361 2926 1418 2984 que
1430 2909 1601 2982 opinionum

378 2996 551 3053 diversitate
564 3000 713 3054 oriebatur
725 3001 814 3054 etiam
827 2999 983 3055 diversitas
996 3007 1026 3055 et
1043 3001 1188 3072 oppositio
1198 2999 1389 3072 judiciorum,
1402 3016 1476 3072 quae
1493 2998 1529 3054 de
1542 2997 1603 3052 dis·

376 3085 585 3142 sertationibus
599 3087 779 3158 singulorum
795 3089 931 3161 utrinque
941 3088 1173 3161 proferebantur.
1188 3090 1235 3145 Nil
1248 3090 1338 3160 igitur
1349 3087 1451 3143 mirum
1462 3088 1486 3143 si
1496 3095 1600 3142 votum

377 3174 472 3229 Patris
485 3175 606 3244 Lainez‚
620 3175 698 3248 quod
710 3194 728 3231 a
742 3177 840 3232 multis
853 3195 909 3232 ceu
922 3177 1062 3232 eximium
1074 3193 1147 3249 opus
1158 3177 1306 3233 laudatum
1320 3177 1387 3250 fuit,
1399 3177 1465 3232 aliis
1477 3175 1602 3230 fortasse

377 3263 473 3318 miuus
486 3262 665 3320 satisfecisse
680 3265 775 3320 visum
789 3265 886 3322 fuerit.
902 3267 965 3321 Hoc
982 3275 1081 3321 autem
1097 3267 1203 3321 clarius
1216 3267 1329 3339 patebit
1346 3265 1371 3321 si
1388 3266 1418 3321 in
1432 3265 1601 3320 memoriam

375 3351 494 3407 lectoris
507 3352 557 3406 illa
569 3355 665 3408 verba
673 3353 797 3408 Palcotti
810 3355 994 3422 reducamus,
1005 3356 1111 3428 quibus
1129 3363 1237 3411 statum
1256 3373 1290 3410 ac
1302 3355 1523 3426 dispositionem
1535 3353 1600 3408 ani·

378 3455 490 3494 morum
502 3439 539 3494 ad
554 3439 641 3495 finem
655 3449 715 3496 tam
728 3443 858 3514 prolixae
870 3441 1062 3498 discussionis
1076 3451 1141 3514 post
1154 3451 1253 3498 votum
1267 3443 1362 3498 Patris
1375 3443 1482 3497 Lainez
1491 3440 1600 3496 descri-

379 3527 434 3596 bit;
448 3527 488 3584 ait
502 3529 590 3583 enim:
606 3530 680 3585 «Hic
692 3530 825 3586 dicendis
838 3531 994 3586 sententiis
1011 3531 1090 3599 finis,
1108 3549 1183 3603 quae
1200 3549 1266 3586 cum
1284 3531 1411 3587 omnium
1429 3531 1490 3586 iere
1501 3547 1600 3600 aures,

378 3623 440 3671 tum
453 3618 631 3689 prolixitate,
645 3626 708 3674 tum
725 3619 784 3675 acri
802 3619 1014 3691 disceptatione
1027 3620 1188 3692 defatigata
1206 3621 1409 3693 reliquissent,
1422 3620 1519 3675 variae
1530 3619 1602 3674 sub·

376 3701 445 3758 iude
457 3705 529 3760 haec
541 3704 731 3777 dijudicandi,
745 3723 779 3762 ac
797 3714 909 3763 temere
921 3709 978 3764 alia
990 3717 1078 3781 atque
1092 3708 1148 3764 alia
1161 3709 1329 3781 suspicandi
1341 3708 1538 3781 compluribus
1552 3725 1601 3763 oc-

373 3793 523 3848 casionem
533 3795 766 3864 praebuerunt.»
777 3796 933 3869 Tumulus,
944 3798 998 3853 loc.
1008 3798 1077 3870 cit.,
1089 3797 1129 3869 Il,
1142 3797 1205 3852 610.
1217 3797 1264 3853 Cr.
1276 3797 1519 3870 Garsaadaootn·
1530 3796 1601 3851 Lai-

375 3898 462 3936 που...
483 3883 702 3955 disputationes
723 3885 922 3950 tridentinae,
946 3887 979 3958 1,
1000 3887 1178 3957 72*-·76‘;
1202 3887 1428 3958 Paccnvrcnn,
1449 3887 1506 3941 loc.
1532 3885 1598 3954 cit„

376 3968 427 4025 lib.
439 3969 519 4040 XIX,
533 3987 598 4043 cap.
611 3972 640 4043 6,
653 3991 686 4026 n.
702 3972 730 4040 63
750 3980 780 4028 et
798 3973 1065 4046 BRAurtstattRGsa,
1084 3977 1139 4030 loc.
1158 3975 1221 4046 cit.,
1240 3975 1293 4043 ΙΙΙ,
1306 3976 1370 4047 565,
1387 3975 1450 4045 566;
1468 3973 1600 4047 aliosque

374 4066 509 4114 auctores
523 4059 632 4116 ibidem
643 4062 801 4132 allegatos.

429 4146 438 4179 ¹
476 4147 571 4218 Prius,
585 4150 612 4204 si
624 4155 793 4218 mestraim
805 4150 874 4207 dein
890 4153 1083 4207 cancellatum
1095 4153 1135 4208 si.

428 4239 439 4270 ¹
476 4237 610 4308 «Legati,
623 4238 669 4292 his
681 4238 810 4310 acceptis
828 4239 882 4310 [sc.
900 4240 1014 4295 duobus
1032 4241 1192 4298 canonibus
1210 4259 1227 4296 a
1243 4239 1390 4298 cardinale
1407 4241 1598 4314 Lotharingio

374 4325 556 4396 compositis,
570 4342 660 4398 «quos
683 4344 719 4382 ex
732 4327 883 4402 utriusque
900 4327 990 4401 partis
1002 4331 1149 4386 sententia
1165 4330 1279 4386 futuros
1299 4331 1427 4403 sperati]
1445 4340 1600 4387 accersunt

375 4412 475 4468 statim
489 4413 718 4486 Hydruntinum,
731 4415 940 4489 Reginensem,
954 4417 1195 4490 Lancianenscm,
1209 4419 1387 4491 vestanum,
1401 4419 1601 4475 Neooastren·

374 4517 448 4572 sem,
463 4501 581 4572 Lainez,
595 4504 770 4578 auditorem,
783 4505 967 4575 advocatum,
980 4518 1190 4579 promotorem,
1208 4509 1383 4582 illorumque
1402 4506 1440 4563 de
1458 4507 1503 4562 his
1518 4505 1600 4578 judi-

369 4588 450 4646 cium
464 4591 654 4663 exquirunt.»
668 4595 712 4649 Ex
726 4593 886 4651 Pactoffl
898 4595 984 4668 actis,
996 4596 1073 4668 apud
1086 4596 1242 4668 Tasmtttt,
1257 4599 1312 4654 loc.
1326 4597 1396 4666 cit.,
1410 4596 1450 4668 11,
1462 4596 1526 4652 611.

429 4677 440 4710 ³
478 4677 553 4733 Vide
566 4689 664 4736 tamen
676 4680 754 4737 dicta
767 4683 796 4737 in
810 4681 900 4755 epist.
918 4681 981 4756 232,
993 4692 1093 4740 annot.
1105 4683 1137 4741 3.
