3604 5380
361 410 412 470 1³0
777 414 882 469 Errsr.
901 413 936 468 P.
956 412 1168 470 Ninia-223

359 573 395 632 et
410 563 526 631 literas
541 562 667 633 mensis
683 563 861 649 mittimus,
879 575 914 634 et
930 565 1112 654 collegium
1125 577 1236 634 totum
1247 563 1406 653 precibus
1417 584 1459 630 ac
1470 573 1590 650 patro-

359 679 450 746 cinio
476 681 518 746 R.
548 680 590 746 T.
620 678 793 746 humiliter
820 681 1110 749 commendamus
1138 680 1314 764 Coloniae,
1339 704 1361 770 9
1384 677 1590 748 Novembris

366 795 462 878 1562.

929 1027 1025 1090 seu
1105 1071 1106 1074 o
1222 1077 1228 1082 .

717 1155 751 1210 P.
772 1153 953 1227 Jonnnns
972 1157 1234 1217 permaneo

844 1289 881 1327 ex
899 1272 1107 1329 commissione

555 1389 740 1456 PATRI
778 1390 1154 1460 HIERONYMO
1193 1391 1402 1458 NADAL

704 1534 871 1591 auronum,
893 1534 926 1577 10
945 1536 1126 1580 novarianis
1147 1525 1215 1593 1562
1235 1527 1256 1578 ¹.

366 1636 436 1692 Non
448 1641 491 1692 est
502 1638 639 1710 epistola,
649 1640 701 1694 sed
710 1639 921 1711 compendioso
931 1640 1078 1696 indicatio
1091 1657 1207 1706 rerum,
1218 1643 1254 1696 de
1267 1640 1374 1711 quibus
1386 1640 1427 1694 ad
1440 1638 1477 1691 P.
1492 1637 1598 1692 Neda!

420 1726 575 1792 scribitur,
589 1744 641 1792 sc„
655 1729 692 1782 de
703 1727 770 1798 ejus
778 1728 967 1801 profectione
988 1729 1184 1794 Tridentum,
1198 1732 1234 1785 de
1246 1729 1383 1793 coneilio,
1397 1729 1433 1782 de
1445 1727 1532 1782 libris
1548 1743 1598 1780 uc-

418 1816 520 1888 ceptis,
534 1816 570 1870 de
584 1817 684 1872 Paiua
697 1821 804 1872 contra
815 1815 1021 1874 Ceemnitr'um
1030 1819 1193 1891 scripturo,
1204 1819 1240 1874 de
1250 1818 1362 1874 litteris
1370 1816 1543 1890 parentibus
1556 1816 1597 1870 le-

418 1908 576 1978 gaiorum,
590 1906 626 1960 de
634 1904 823 1978 professione
836 1906 967 1962 doctoris
984 1907 1102 1972 Torres,
1116 1911 1170 1962 etc.

438 2067 567 2136 Eodem
582 2066 638 2135 die
652 2066 682 2133 si
698 2066 824 2153 replica
838 2068 883 2136 de
898 2088 961 2135 sua
977 2079 1104 2136 uenvta
1120 2067 1156 2134 in
1176 2089 1244 2153 qua
1259 2089 1278 2135 e
1294 2068 1419 2136 andata
1438 2066 1474 2132 in
1490 2065 1597 2134 Vien-

372 2207 428 2264 na,
447 2203 546 2251 come
559 2183 673 2252 l'altre
690 2183 799 2264 uolte,
818 2194 907 2250 etse
922 2182 946 2250 li
961 2184 1074 2250 danno
1091 2204 1206 2251 nuoue
1221 2184 1277 2250 del
1292 2175 1455 2263 concilio,
1475 2192 1509 2251 et
1522 2180 1601 2265 delli

373 2297 451 2364 libri
467 2297 589 2386 gionti,
607 2310 642 2366 et
657 2299 701 2367 de
716 2300 857 2366 mandat
874 2298 978 2384 quelli
993 2298 1028 2364 di
1044 2300 1224 2386 Augusta,
1249 2307 1284 2365 et
1303 2299 1358 2364 del
1374 2295 1482 2366 Paiua
1502 2297 1514 2330 ¹
1536 2299 1606 2362 che

376 2413 583 2506 respondere
598 2435 619 2480 a
633 2413 840 2482 Kemnizio¹
861 2424 896 2481 et
917 2413 1007 2482 della
1033 2414 1155 2482 lettera
1181 2425 1216 2481 et
1243 2423 1382 2501 patente
1408 2412 1487 2480 delli
1506 2413 1603 2498 lega-

377 2587 445 2636 actu
458 2579 598 2636 adhibere
610 2581 854 2637 consuevimus.»
867 2582 1013 2650 Hersen,
1027 2583 1083 2637 loc.
1102 2581 1171 2652 cit.,
1190 2599 1257 2654 pag.
1276 2581 1341 2652 466,
1358 2583 1421 2651 467.
1440 2581 1478 2636 Et
1494 2597 1526 2635 re
1542 2580 1604 2652 qui-

378 2670 446 2725 dem
460 2686 541 2740 vera,
554 2669 626 2725 licet
636 2687 714 2725 anno
730 2681 797 2740 1557
811 2687 913 2726 mense
926 2671 1079 2748 Februarii
1090 2679 1233 2727 renovata
1245 2671 1343 2726 studia
1355 2670 1466 2726 fuerint
1477 2669 1508 2725 in
1520 2670 1610 2724 colle-

264 2789 266 2795 *
378 2760 429 2830 gio
441 2758 616 2830 coloniensi,
631 2768 664 2815 ut
676 2767 791 2816 constat
803 2777 842 2815 ex
854 2760 1109 2832 Rumrunsssuuo,
1124 2762 1179 2816 loc.
1194 2760 1258 2833 cit,
1272 2761 1323 2816 lib.
1339 2761 1394 2831 111,
1412 2777 1476 2832 cup.
1494 2773 1537 2830 111,
1554 2758 1606 2813 ubi

380 2849 454 2904 haec
471 2850 571 2904 habet:
593 2848 765 2904 «Publicum
784 2847 845 2919 jam
866 2848 985 2904 demum
1006 2847 1106 2922 adepti
1128 2849 1338 2922 Gymnasium,
1361 2849 1475 2903 Ludum
1495 2847 1611 2920 aperui-

332 2975 334 2978 ·
383 2954 448 2992 mus
461 2951 503 2991 xv
516 2937 582 2993 Kal.
597 2937 773 3006 Martias(15
787 2938 887 3006 Febr.)
904 2937 990 2992 affixo
1011 2938 1042 2993 in
1064 2939 1229 2994 scholarum
1251 2936 1358 2994 vicinia
1379 2937 1610 3010 praelectionum

382 3026 582 3081 habendarum
594 3029 758 3098 catalogo»;
772 3034 902 3082 attamen
914 3026 1108 3082 communiter
1126 3044 1189 3082 mos
1198 3026 1313 3082 ferebat
1327 3027 1357 3082 in
1367 3026 1542 3083 Germaniae
1551 3025 1610 3080 col—

383 3115 470 3186 legiis
484 3115 582 3172 studia
594 3115 640 3171 bis
653 3117 684 3172 in
696 3133 773 3172 anno
788 3133 943 3187 renouare,
961 3115 1089 3172 scilicet:
1113 3134 1215 3172 mense
1241 3115 1351 3189 Aprili,
1373 3115 1451 3171 circa
1471 3115 1549 3170 diem
1576 3111 1614 3168 23

385 3203 417 3258 S.
432 3203 562 3274 Georgio
574 3221 697 3273 sacram,
710 3213 741 3260 et
753 3222 855 3260 mense
866 3206 1027 3261 Novembri
1040 3206 1117 3261 circa
1126 3207 1205 3262 diem
1221 3219 1264 3274 11,
1280 3206 1315 3262 S.
1333 3205 1458 3261 Martino
1473 3204 1612 3259 dicatam.

385 3291 432 3348 Cf.
446 3293 632 3365 PACHTLER,
645 3295 737 3350 Ratio
748 3296 920 3350 studiorum
934 3301 962 3350 et
975 3296 1074 3350 instit.
1088 3297 1177 3352 schol.
1192 3297 1257 3352 Soc.
1264 3295 1291 3368 J
1293 3336 1311 3360 .‚
1326 3297 1355 3367 l,
1371 3297 1431 3364 167.

440 3385 449 3416 ¹
487 3383 531 3436 Ex
544 3382 657 3453 Regest
672 3423 678 3452 ,
695 3381 766 3438 Cori.
783 3397 825 3454 33,
841 3383 880 3454 c),
896 3383 946 3438 iol.
961 3382 995 3453 35
1009 3386 1112 3439 v.·-ln
1122 3385 1264 3455 margine:
1280 3386 1335 3439 P.⁶
1346 3383 1468 3440 Natale.

438 3474 450 3505 ²
489 3470 618 3526 Didacus
631 3470 668 3526 de
681 3471 771 3527 Paiva
784 3471 822 3528 de
836 3471 984 3543 Andrada,
997 3489 1085 3544 quem
1099 3473 1250 3544 Huuruu,
1268 3471 1497 3528 Nomenclatore
1510 3472 1615 3526 literu-

387 3561 444 3625 rio‚
459 3561 483 3628 1,
497 3574 531 3615 20
543 3558 735 3634 (Oeniponte,
751 3561 831 3632 1892)
841 3561 1046 3634 «hispanorum
1055 3561 1185 3617 omnium
1195 3561 1436 3618 celeberrimum»
1447 3559 1613 3632 theologiae

387 3651 548 3722 polemicae
561 3650 733 3724 scriptorem
746 3649 888 3722 nominat,
902 3653 958 3706 sub
970 3651 1159 3722 hispanorum
1176 3652 1294 3707 nomine
1311 3653 1511 3723 complectens
1524 3648 1617 3705 etiam

386 3737 541 3795 lusitanos.
556 3741 602 3796 De
614 3739 679 3811 ejus
693 3741 767 3796 libro
779 3749 881 3796 contra
893 3740 1093 3796 Chemnitium
1106 3747 1137 3795 et
1149 3740 1187 3796 de
1201 3739 1297 3796 Patris
1308 3739 1401 3796 Nadsl
1411 3756 1464 3814 pro
1472 3740 1523 3795 illo
1532 3737 1616 3793 ador-

388 3829 484 3884 nando
497 3829 715 3901 cooperatione,
729 3830 813 3901 plura
824 3829 955 3902 reperies
968 3829 1055 3900 inira,
1068 3829 1156 3901 epist.
1171 3829 1234 3900 226,
1248 3848 1299 3885 nn.
1314 3841 1371 3901 2·5,
1384 3847 1451 3884 cum
1461 3836 1561 3884 annot.

443 3919 454 3951 ⁸
491 3918 548 3974 Die
568 3931 601 3988 14
618 3917 802 3992 Septembris
824 3918 912 3992 hujus
934 3919 1014 3990 anni,
1037 3919 1181 3974 Polancus
1203 3936 1241 3974 ex
1259 3918 1466 3974 commissione
1485 3919 1557 3973 haec
1580 3916 1619 3970 ad

391 4009 425 4062 B.
439 4005 559 4063 Petrum
569 4006 721 4063 Ceuisium
734 4008 929 4065 scribebatr...
945 4010 1053 4064 «Molto
1070 4007 1254 4064 desideramo
1267 4007 1402 4063 intender
1422 4009 1526 4062 alcuna
1543 4021 1621 4061 noua

391 4095 439 4152 del
452 4095 503 4152 Re
517 4097 615 4152 Natal.
629 4097 691 4168 Qui
702 4098 791 4153 credo
804 4099 830 4154 si
842 4099 1039 4154 mandaranno
1049 4100 1154 4154 alcune
1163 4100 1274 4153 lettere
1287 4101 1340 4169 per
1350 4097 1402 4167 lui,
1413 4113 1497 4152 come
1508 4095 1534 4152 si
1542 4112 1623 4150 man·

391 4186 484 4242 domo
495 4187 569 4242 altre
582 4188 611 4242 la
623 4187 781 4242 settimana
793 4195 920 4259 passata.
935 4185 974 4242 Di
985 4188 1054 4260 quel
1068 4188 1144 4243 libro
1156 4188 1211 4242 che
1226 4187 1337 4242 scrisse
1351 4187 1505 4242 Kemnicio
1517 4189 1625 4241 contro

386 4275 525 4347 jesuitae
536 4276 650 4347 paterio
662 4277 752 4330 bena
770 4276 807 4330 N.
826 4276 877 4331 Ρ.ε
891 4278 990 4348 quello
1009 4276 1064 4331 che
1078 4277 1174 4331 scriue
1192 4277 1220 4331 la
1238 4276 1274 4331 R.
1294 4276 1331 4331 V.
1351 4277 1407 4331 che
1429 4276 1575 4347 qualcuno
1593 4273 1625 4327 di

393 4363 746 4437 fuoradellaCompagnia
756 4364 896 4437 pigliasse
904 4372 1011 4437 questo
1020 4372 1176 4434 assumtto,
1187 4364 1306 4420 dandoli
1316 4364 1437 4436 ragione
1447 4363 1537 4436 quelli
1547 4361 1625 4416 della

394 4450 577 4524 Compagnia
593 4453 671 4510 delle
693 4454 839 4510 calumnie
855 4452 886 4509 di
904 4457 1002 4526 quost'
1019 4455 1137 4510 huomo.
1155 4453 1195 4509 Se
1218 4455 1255 4509 V.
1275 4455 1311 4509 R.
1330 4452 1449 4509 hauessi
1470 4460 1579 4524 tempo,
1599 4451 1627 4504 si

394 4540 482 4596 crede
501 4543 614 4598 notaria
631 4545 721 4598 molto
730 4545 815 4598 'bene
833 4543 854 4599 li
871 4543 955 4616 punti
971 4545 1148 4614 necessarii,
1161 4551 1192 4599 et
1204 4545 1297 4599 anche
1309 4543 1433 4599 iarebbe
1447 4544 1474 4598 la
1486 4541 1626 4613 risposta;

392 4647 441 4685 ma
453 4647 506 4703 per
520 4630 638 4688 uederlo
652 4640 735 4688 tanto
747 4633 806 4688 ben
819 4641 972 4706 occupato,
986 4650 1045 4689 non
1058 4649 1090 4688 se
1104 4633 1124 4688 li
1137 4631 1174 4688 da
1187 4639 1293 4706 questo
1306 4649 1407 4706 peso.»
1421 4633 1465 4686 Ex
1482 4630 1607 4700 Regest.
1615 4671 1626 4700 ,
