3478 5384
627 491 853 568 29Juu111563
1303 497 1354 562 32¹
1418 579 1422 594 .

139 650 222 734 Quel
242 647 353 716 amico
367 651 431 718 che
447 648 623 736 applicaua
650 667 733 716 1000
754 648 869 716 ducati
891 649 922 715 al
948 647 1093 736 collegio
1112 650 1156 717 de
1171 651 1302 742 Alcala,
1319 673 1357 720 se

141 765 252 832 risolse
267 765 311 832 de
327 764 476 850 applicat
497 783 593 848 1400,
607 777 642 831 et
657 765 690 832 la
706 784 819 830 mezza
833 775 928 850 parte
944 765 1072 852 godera
1087 766 1181 832 detto
1196 767 1353 854 collegi03
1400 849 1402 853 Ι

140 881 242 948 l'altra
256 901 366 968 penso
382 881 495 966 quello
510 880 545 947 di
562 883 669 948 Roma
684 902 744 967 per
764 880 896 961 adesso,
919 882 1044 968 perche
1063 881 1112 947 lui
1131 881 1252 950 istesso
1267 883 1356 950 intra

140 996 221 1062 nella
236 996 461 1083 Compagnia;
480 1006 514 1063 et
530 999 640 1064 anche
652 995 765 1062 d'altri
777 994 970 1083 particolari
982 995 1010 1062 si
1023 1018 1137 1064 uanno
1150 998 1292 1066 iacendo
1304 1000 1354 1065 al-

140 1112 213 1178 cuni
226 1097 363 1199 disegni
378 1111 495 1195 buoni,
515 1114 647 1180 benche
670 1112 783 1197 quello
805 1111 839 1178 di
861 1111 983 1198 Napoli
1004 1134 1073 1180 non
1090 1113 1197 1181 riesce
1216 1135 1352 1198 ancora,

139 1251 178 1298 ne
197 1229 224 1295 si
243 1232 312 1316 pud
335 1249 439 1295 cauar
460 1227 587 1311 niente,
610 1249 669 1314 per
694 1249 741 1294 un
766 1237 881 1314 tempo
898 1229 930 1294 al
946 1250 1057 1296 meno.
1077 1230 1103 1294 Il
1122 1229 1267 1316 disegno
1290 1233 1354 1300 che

139 1347 176 1412 V.
195 1347 234 1412 R.
257 1344 371 1414 scriue
391 1344 470 1412 delli
490 1343 684 1411 monasterii
704 1344 738 1410 di
755 1343 950 1425 cartusiani,
969 1343 1045 1412 dice
1059 1347 1103 1412 N.
1128 1347 1166 1413 P.
1190 1347 1265 1427 che,
1290 1369 1353 1414 ue-

139 1463 241 1528 nendo
257 1461 449 1544 occasione,
467 1460 496 1526 si
513 1464 610 1546 potra
624 1481 814 1547 proponere
829 1483 849 1526 a
865 1461 977 1546 quella
992 1482 1151 1548 persona,
1168 1463 1257 1530 della
1273 1464 1353 1548 qual

138 1576 241 1644 scriue
255 1579 300 1646 V.
320 1579 378 1660 R.,
397 1578 528 1644 benche
543 1599 612 1643 non
628 1577 647 1642 e
664 1585 759 1643 tanto
780 1575 966 1660 intrinsica,
990 1597 1089 1644 come
1105 1578 1149 1644 ad
1168 1578 1243 1645 altri
1264 1569 1351 1646 d'alss

137 1703 183 1760 tra
196 1691 276 1780 liga,
296 1702 522 1780 quantunque
537 1691 568 1759 ci
584 1691 702 1760 mostri
717 1693 833 1758 buona
847 1693 998 1759 uolonti.
1017 1694 1143 1779 Quello
1158 1695 1222 1760 che
1241 1695 1353 1762 scriue

138 1810 177 1875 V.
194 1811 233 1876 R.
250 1809 326 1890 soli,
345 1807 374 1873 si
389 1810 409 1875 e
426 1807 527 1890 uisto,
545 1818 581 1876 et
596 1817 648 1876 sta
662 1809 751 1874 bene
766 1808 799 1874 la
811 1807 1047 1878 informatione
1059 1810 1149 1890 data,
1164 1819 1199 1878 et
1213 1832 1280 1877 non
1294 1831 1351 1877 ac-

137 1925 214 1992 cade
229 1934 328 2012 tropo
345 1924 500 2011 risposta.
519 1924 559 1992 Li
575 1922 692 1992 denari
704 1923 852 1990 mandati
865 1945 884 1989 a
897 1926 1005 1991 Roma
1015 1925 1062 1994 de
1070 1925 1255 1994 Germania
1266 1948 1352 1994 sono

138 2041 210 2106 stati
224 2040 340 2130 pochi:
359 2041 453 2128 parlo
468 2039 502 2107 di
519 2040 622 2126 quelli
636 2039 671 2106 di
687 2038 834 2126 collegii,
853 2050 887 2108 et
902 2040 946 2106 da
965 2040 1023 2108 noi
1043 2062 1112 2108 non
1133 2041 1300 2125 ricercati,
1317 2054 1353 2110 et

138 2179 199 2223 non
214 2180 295 2244 pare
311 2156 362 2224 sia
377 2155 651 2237 inconueniente,
669 2177 708 2224 se
723 2155 952 2224 abundassino
967 2155 990 2221 li
1006 2155 1141 2244 collegii
1152 2158 1196 2224 de
1207 2159 1352 2226 Germa

138 2271 199 2357 nia,
215 2276 279 2342 che
295 2271 482 2369 aiutassino
498 2294 518 2339 a
533 2282 704 2340 sustentas
719 2271 755 2338 in
771 2273 880 2340 Roma
892 2270 915 2337 li
928 2272 1082 2341 tudeschi
1094 2275 1158 2340 che
1170 2275 1243 2340 loro
1255 2295 1352 2342 man-

137 2389 231 2471 dano,
253 2388 360 2476 quali,
383 2409 481 2456 corne
501 2387 670 2455 habbiano
691 2388 851 2472 studiat0,
874 2411 911 2456 se
931 2387 955 2454 lr
975 2390 1090 2455 hanno
1106 2410 1126 2455 a
1145 2389 1348 2458 rimandare.

204 2525 251 2574 10.
302 2505 403 2574 Circa
426 2506 458 2572 la
484 2526 564 2573 casa
585 2505 620 2571 di
640 2504 850 2592 probatione,
873 2528 910 2573 se
930 2503 1054 2592 debbia
1075 2504 1155 2572 larsi
1175 2526 1244 2573 una
1262 2507 1352 2574 sola-

137 2632 243 2690 mente
259 2621 348 2690 nelle
364 2621 431 2688 due
447 2619 634 2707 prouincie,
652 2601 672 2687 0
688 2641 771 2690 uero
787 2622 866 2702 due,
885 2620 1012 2708 meglio
1023 2642 1060 2689 se
1072 2620 1236 2690 risoluerai
1248 2623 1291 2689 V.
1308 2625 1349 2689 R.

137 2739 268 2823 quando
290 2741 419 2832 lrauera
438 2737 528 2805 uisto
550 2735 741 2819 Monachio‚
765 2739 889 2824 perche
911 2740 999 2806 forse
1022 2737 1044 2802 li
1070 2738 1194 2805 uedera
1217 2737 1352 2825 miglior

137 2851 350 2942 dispositione
366 2855 430 2920 che
445 2852 480 2921 in
495 2854 583 2920 altro
599 2854 704 2940 luogo
720 2875 779 2940 per
802 2865 897 2923 tener
916 2853 1050 2934 nouitii,
1072 2864 1107 2921 et
1127 2856 1162 2922 M
1168 2870 1211 2919 ‚ro
1233 2854 1353 2921 Domi-

138 2969 210 3038 nico
225 2969 367 3058 Mangin
386 2972 394 3004 ¹
412 2992 494 3058 pare
510 2969 576 3036 faci
591 2969 695 3068 molto
710 2970 779 3036 ben
794 2969 817 3035 l'
836 2969 949 3036 ufficio
958 2969 996 3035 di
1008 2980 1155 3040 maestro
1167 2969 1202 3036 di
1217 2969 1350 3052 nouitii;

137 3096 169 3153 et
183 3087 271 3154 forsa
285 3109 354 3154 non
370 3107 503 3166 manco,
522 3084 598 3152 anzi
613 3083 672 3172 piu
689 3088 753 3154 che
768 3084 804 3154 in
820 3085 966 3168 Vienna,
985 3085 1016 3152 si
1030 3085 1168 3153 aiutano
1183 3085 1277 3154 litali
1290 3107 1353 3152 no·

138 3201 208 3268 uitii
222 3203 257 3268 in
272 3201 465 3271 Monachio.
485 3200 523 3271 Si
539 3200 639 3270 uiene
656 3203 735 3287 quel
752 3202 892 3268 tudesco
908 3223 987 3288 qua,
1006 3203 1070 3269 che
1093 3202 1130 3267 fu
1152 3211 1299 3270 maestro
1318 3201 1353 3268 di

137 3319 245 3385 schola
255 3318 290 3384 in
303 3317 449 3398 Vienna,
467 3339 534 3385 con
550 3317 583 3386 le
600 3318 719 3386 lettere
734 3316 770 3383 di
782 3315 825 3384 V.
841 3319 897 3400 R.,
912 3316 941 3384 si
954 3318 1080 3386 uedera
1092 3314 1126 3383 di
1140 3318 1190 3384 far
1200 3319 1224 3382 l'
1240 3316 1353 3384 ufficio

137 3433 219 3501 della
229 3434 369 3516 chariti,
384 3454 509 3502 ancora
520 3435 596 3517 che,
612 3455 672 3520 per
684 3432 716 3498 le
727 3431 943 3519 occupationi
955 3442 990 3500 et
1001 3432 1025 3498 il
1038 3434 1141 3500 modo
1154 3434 1219 3500 che
1231 3432 1289 3518 qui
1302 3443 1353 3500 te·

139 3548 246 3617 niamo
260 3549 303 3618 de
316 3549 484 3630 habitare,
498 3571 565 3616 non
580 3571 619 3616 so
633 3558 760 3635 quanta
772 3547 978 3616 commodita
990 3549 1021 3615 ci
1033 3551 1109 3616 sarai
1118 3571 1178 3636 per
1188 3547 1297 3616 aiutar
1306 3547 1353 3615 si-

139 3665 203 3731 mili
217 3664 364 3754 bisogni3
385 3676 419 3732 et
435 3667 518 3752 pero
534 3667 671 3751 quando
686 3687 870 3732 occorrono
887 3686 965 3731 cose
981 3667 1024 3732 de
1041 3665 1087 3732 tal
1099 3664 1238 3750 qualita,
1253 3667 1293 3731 N.
1309 3667 1348 3732 P.

142 3783 229 3851 suole
244 3781 426 3852 rimettersi
442 3804 466 3852 a
478 3783 521 3850 V.
541 3783 582 3849 R.
605 3782 670 3848 Del
691 3781 933 3849 buon-assetto
960 3782 1041 3848 dato
1069 3781 1126 3848 nel
1152 3780 1298 3867 collegio
1317 3779 1353 3845 di

142 3898 257 3986 Praga,
276 3909 311 3965 et
326 3899 415 3966 della
431 3896 745 3964 sodisfattioneche
761 3897 803 3964 V.
825 3898 865 3963 R.
884 3898 929 3965 ha
945 3905 1066 3962 cauato
1080 3895 1115 3962 di
1131 3917 1207 3963 esso
1222 3895 1254 3961 ci
1269 3917 1353 3962 con-

141 4015 261 4082 solamo
278 4016 317 4082 in
332 4016 494 4081 Domino.
515 4016 590 4080 Ben
605 4013 735 4100 pareria
755 4011 941 4099 spediente,
966 4033 1003 4079 se
1026 4013 1059 4077 d’
1085 4013 1170 4079 altra
1192 4013 1304 4079 banda
1325 4011 1353 4078 si

143 4129 253 4198 lacessi
268 4132 301 4197 la
318 4128 528 4211 fundatione,
549 4127 740 4196 tornassino
759 4127 861 4214 quelli
882 4147 947 4210 400
970 4127 1075 4197 daleri
1096 4129 1129 4193 d’
1154 4126 1277 4194 intrata
1298 4127 1353 4194 alli

139 4246 260 4329 poueri;
276 4267 331 4312 ma
343 4245 378 4312 di
391 4255 481 4312 tutto
493 4255 615 4330 questo
633 4255 667 4312 et
679 4246 764 4315 altre
779 4227 869 4325 cose,
888 4245 1044 4311 andando
1057 4245 1101 4312 V.
1117 4245 1158 4310 R.
1174 4265 1193 4310 a
1206 4241 1350 4324 Vienna,
1414 4279 1418 4290 v

140 4359 204 4428 sari
218 4360 240 4428 il
255 4360 383 4448 meglio
398 4363 464 4429 che
479 4361 508 4428 si
519 4363 627 4448 potra.

202 4496 250 4546 11.
299 4478 400 4546 Circa
416 4478 447 4545 le
463 4498 543 4544 cose
558 4478 613 4546 del
630 4476 786 4560 concilio,
806 4476 952 4547 tuttauia
973 4499 1086 4546 uanno
1110 4498 1158 4543 un
1177 4497 1263 4566 poco
1284 4485 1353 4545 tra-

191 4732 198 4764 ¹
233 4728 400 4804 Menginus.
418 4728 494 4786 Vide'
508 4730 594 4804 epist.
609 4743 674 4801 240.
