3478 5384
345 469 399 527 ²94
764 458 870 513 Errsr.
896 457 929 511 Ρ.
949 457 1152 528 Nonne—277

260 673 265 682 .
346 611 389 678 dt
410 611 515 678 molto
537 609 741 678 testimonio.
768 611 832 678 C'e
855 630 920 696 pur
942 621 1038 696 peste
1061 608 1209 676 tuttauia
1228 609 1263 676 in
1281 608 1434 696 Pariggi,
1455 620 1503 689 et,
1532 629 1576 674 se

347 727 460 810 quella
475 727 594 792 nonio
612 724 799 812 empedirit‚
817 725 842 791 il
862 727 946 793 Μ.το
967 726 1124 792 Emundo
1146 726 1273 791 andari
1291 723 1327 790 in
1350 722 1487 810 Pariggi
1502 743 1575 810 per

347 840 512 927 predicar.
532 843 578 911 Se
594 863 665 908 non
681 843 777 926 potri
793 861 852 926 per
872 840 996 925 quella,
1021 862 1059 909 se
1081 861 1126 906 ne
1148 843 1247 909 uerri
1267 861 1288 906 a
1304 838 1401 919 Lion,
1416 839 1451 905 la
1465 841 1575 924 quale

346 956 412 1022 alla
431 955 588 1043 giornata
606 965 705 1023 staua
730 977 790 1042 per
816 955 968 1024 rendersi
994 955 1026 1022 al
1052 978 1112 1036 re,
1141 955 1273 1022 benene
1299 975 1366 1020 non
1394 954 1574 1020 euenuta

344 1051 468 1139 nuoua‘
477 1072 582 1139 ferma
597 1074 661 1137 che
675 1070 724 1137 sia
740 1093 825 1138 resa.

412 1187 444 1252 6.
492 1189 546 1252 De
568 1187 694 1254 Tolosa
716 1187 889 1253 et'Rodez
909 1208 978 1253 non
1000 1185 1183 1253 habbiamo
1202 1189 1330 1254 hauute
1353 1187 1489 1266 lettere3
1510 1205 1574 1249 ma

345 1323 427 1387 pare
438 1302 466 1367 si
483 1305 551 1389 puo
567 1301 729 1388 colligere
744 1305 809 1375 che
822 1300 945 1368 uadino
961 1303 994 1371 le
1009 1323 1088 1369 cose
1105 1303 1209 1368 molto
1220 1302 1319 1382 bene,
1334 1310 1369 1368 et
1381 1300 1573 1368 ricercamo

347 1436 412 1483 con
427 1415 588 1502 instantia
604 1427 719 1503 gente,
737 1417 882 1485 dicendo
898 1421 962 1484 che
977 1438 1047 1484 non
1064 1419 1101 1484 fu
1116 1415 1231 1483 maiia
1246 1415 1462 1503 Compagnia
1474 1425 1576 1482 tanto

296 1617 299 1624 Ι
348 1529 538 1599 necessaria
553 1532 597 1598 ni
612 1541 707 1598 tanto
723 1531 857 1597 stimata
873 1541 906 1597 et
922 1531 1111 1599 desiderata
1126 1530 1162 1596 in
1178 1532 1257 1617 quel
1278 1551 1395 1618 regno

417 1662 449 1728 7.
498 1647 523 1711 ll
539 1647 655 1732 legato
670 1648 698 1712 F
699 1668 811 1714 errara
827 1646 884 1732 gii
898 1647 918 1713 e
934 1646 1097 1714 ritomato
1112 1645 1148 1712 in
1164 1645 1270 1726 Italia,
1287 1657 1322 1713 et
1336 1669 1356 1714 a
1371 1648 1575 1731 quest'hora

350 1761 437 1828 deue
457 1782 549 1828 esser
568 1761 603 1827 in
627 1763 779 1842 Ferrara,
804 1762 896 1830 doue
915 1762 1031 1828 l'ando
1051 1784 1071 1828 a
1090 1761 1208 1828 uisitar
1228 1760 1251 1826 il
1271 1759 1421 1827 cardinal
1444 1760 1481 1826 di
1502 1761 1571 1828 Lo-

350 1898 441 1943 rena.
461 1877 614 1943 llduche
630 1878 673 1943 de
689 1877 837 1945 Nemurs
849 1898 907 1945 era
917 1877 1108 1958 auelenato,
1123 1897 1220 1944 come
1230 1875 1452 1955 intendiam0‚
1468 1887 1504 1944 et
1517 1875 1569 1941 ui-

348 1991 425 2058 cino
448 1992 513 2058 alla
532 2001 656 2074 morte;
683 2000 718 2058 et
739 1991 955 2058 mandandoli
975 1991 998 2056 il
1026 1993 1140 2078 legato
1161 1995 1208 2060 M.
1236 1991 1423 2071 Vincenzo,
1451 2002 1572 2058 nostro

351 2106 473 2187 amico,
487 2105 521 2172 in
538 2107 639 2193 pochi
654 2105 765 2194 giomi
780 2106 809 2172 si
825 2109 845 2174 ὁ
861 2105 1031 2189 rihauuto;
1045 2106 1112 2174 Dio
1124 2108 1272 2174 laudato.
1288 2107 1354 2173 Era
1366 2106 1504 2192 capitan
1515 2108 1571 2174 del

329 2261 332 2268 ·
349 2220 513 2290 essercito
528 2221 695 2289 catholico
710 2243 810 2308 sopra
826 2221 925 2289 Lion.

417 2338 448 2402 8.
496 2338 563 2404 Del
581 2337 726 2424 collegio
745 2348 863 2405 nostro
884 2359 1023 2405 romano
1044 2359 1113 2404 non
1132 2335 1314 2404 habbiamo
1336 2337 1460 2403 alcuna
1480 2357 1573 2403 noua

350 2455 414 2518 che
438 2451 488 2519 sia
508 2452 552 2520 de
573 2452 668 2520 farne
687 2465 799 2519 conto,
820 2452 980 2520 Fernesio
1003 2451 1078 2522 dize
1098 2455 1162 2520 che
1184 2453 1262 2518 uuol
1284 2452 1346 2519 dar
1367 2473 1436 2518 una
1458 2453 1573 2518 buona

351 2587 428 2634 casa
445 2578 479 2634 et
496 2587 561 2652 300
575 2567 690 2635 ducati
705 2568 749 2634 de
764 2567 888 2634 intrata
904 2589 964 2653 per
979 2567 1119 2634 Auinon
1137 2569 1159 2632 ¹.
1178 2568 1256 2635 Non
1284 2588 1323 2633 so
1344 2589 1381 2634 se
1396 2565 1433 2633 in
1448 2578 1573 2652 questo

349 2704 386 2750 se
401 2681 565 2750 risoluerit
582 2684 615 2750 la
631 2683 813 2750 fundacion
829 2683 883 2750 del
900 2683 1045 2770 collegio
1061 2704 1212 2750 romano

415 2817 447 2884 9.
495 2799 549 2865 De
564 2799 678 2883 Sparta
693 2819 762 2864 non
778 2796 959 2864 habbiamo
975 2797 1095 2864 lettere
1110 2798 1166 2866 del
1181 2797 1294 2863 dottor
1318 2799 1443 2877 Araoz,
1461 2818 1569 2864 senon

348 2911 392 2977 de
411 2930 451 2979 10
466 2911 502 2978 di
521 2912 676 2994 Febraio,
698 2923 734 2978 et
757 2912 788 2979 ci
811 2933 896 2979 sono
919 2913 1023 2979 molte
1045 2913 1089 2980 de
1112 2915 1228 2981 Marzo
1248 2922 1283 2981 et
1301 2912 1412 2980 insino
1433 2935 1454 2979 a
1475 2928 1516 2996 25
1533 2913 1569 2978 d'

347 3026 466 3112 Aprile
481 3027 516 3094 in
533 3029 671 3094 Trento.
691 3030 740 3095 Le
755 3049 834 3097 cose
849 3028 884 3093 di
900 3028 1011 3114 quelle
1028 3027 1204 3114 prouinoie
1219 3050 1279 3114 per
1295 3028 1374 3114 quel
1389 3031 1453 3096 che
1466 3049 1504 3094 se
1516 3027 1571 3092 in-

349 3143 451 3208 tende
467 3165 580 3210 uanno
596 3145 694 3212 bene.
714 3145 793 3210 Non
816 3165 955 3211 occorre
975 3144 1062 3210 altro
1081 3165 1187 3210 senon
1205 3142 1476 3211 raccomandarci
1497 3153 1565 3210 etc.

349 3255 394 3323 Di
410 3257 551 3338 Tremo,
571 3274 612 3341 25
629 3258 663 3322 di
679 3258 832 3344 Maggio.

415 3374 461 3441 Se
488 3374 532 3440 V.
563 3376 604 3440 R.
635 3395 673 3440 se
692 3373 837 3441 trouassi
858 3373 893 3439 in
914 3377 1039 3460 Praga,
1062 3375 1227 3459 potrebbe
1254 3373 1325 3439 dire
1352 3373 1385 3439 al
1411 3382 1517 3440 rettor
1536 3373 1572 3438 di

349 3489 461 3573 quella
477 3490 488 3522 ²
506 3492 570 3555 che
585 3498 708 3555 stanno
723 3489 887 3575 comprati
905 3491 1009 3555 molto
1026 3489 1059 3554 fa
1074 3487 1097 3554 li
1113 3487 1189 3555 libri
1201 3491 1265 3556 che
1281 3487 1330 3554 lui
1345 3489 1574 3556 raccomando

348 3603 381 3669 al
396 3613 501 3670 rettor
516 3602 550 3669 di
567 3603 722 3672 Venetia.
749 3605 822 3670 Che
846 3603 976 3670 auisino
1000 3625 1060 3689 per
1076 3605 1157 3688 qual
1179 3603 1235 3671 uia
1260 3603 1420 3690 uogliano
1435 3603 1458 3669 li
1474 3603 1572 3670 siano

349 3718 512 3801 mandati,
530 3729 563 3785 et
579 3722 688 3787 anche
703 3720 900 3805 prouedano
917 3717 995 3785 delli
1011 3718 1139 3786 denari.

404 3927 411 3958 ¹
450 3924 495 3978 De
514 3922 720 3980 avenionensis
739 3922 857 3992 collegii
876 3921 968 3977 initiis
987 3921 1026 3977 cf.
1037 3923 1200 3989 Poenici),
1214 3922 1338 3988 chron„
1349 3923 1387 3990 V,
1398 3921 1448 3992 351
1465 3931 1496 3978 et
1508 3921 1573 3992 3583

351 4012 512 4081 Cnossar,
525 4011 557 4069 S.
570 4013 611 4083 J.,
625 4014 678 4067 Les
691 4011 818 4082 jesuites
830 4015 858 4066 et
875 4012 958 4066 leurs
977 4028 1092 4066 oeuvres
1104 4012 1124 4066 ὰ
1137 4013 1297 4084 Avignon;
1311 4021 1342 4067 et
1359 4011 1457 4083 Pnn'r,
1474 4011 1507 4067 S.
1525 4011 1575 4082 J.,

349 4102 525 4156 Recherches
535 4100 714 4172 historiques
725 4105 753 4156 et
766 4101 907 4171 critiques
923 4117 978 4154 sur
994 4100 1026 4154 la
1047 4098 1233 4175 Compognie
1251 4103 1287 4156 de
1294 4101 1385 4173 Jisus
1396 4118 1433 4156 en
1447 4100 1576 4162 From,

350 4189 388 4258 V,
402 4190 447 4258 85,
461 4188 512 4244 ubi
525 4189 668 4261 reperitur
681 4189 804 4260 epistola
816 4187 971 4244 cardinalis
985 4187 1145 4243 Alexandri
1162 4189 1293 4244 Famesii
1312 4189 1349 4244 ad
1366 4188 1575 4260 vice-legatum

349 4277 589 4347 avenionensem,
605 4289 638 4332 ιο
649 4277 720 4348 Julii
735 4275 803 4346 1563
815 4276 893 4344 data,
907 4275 937 4332 in
950 4294 1007 4350 qua
1019 4295 1070 4348 pro
1083 4277 1200 4348 collegii
1214 4277 1427 4334 sustentatione
1436 4277 1576 4334 docento

349 4384 415 4422 rum
428 4374 607 4422 scutatorum
620 4365 791 4438 pensionem
804 4383 929 4422 annuam
942 4367 1084 4438 assignat,
1098 4368 1211 4440 aliaque
1229 4367 1359 4424 subsidia
1377 4367 1407 4422 iu
1425 4374 1576 4440 posterum

352 4456 508 4528 promittit.

406 4549 417 4580 ²
454 4546 491 4600 Ρ.
508 4545 654 4601 Henricus
667 4544 852 4600 Blissemius.
