3544 5390
254 459 257 467 ¹
372 519 375 530 .
406 481 461 551 546
864 478 966 532 Errsr.
987 472 1020 530 Ρ.
1042 471 1154 532 Nauae

409 629 545 697 ordines
561 651 676 697 sacros
692 626 891 714 susceperit.
910 628 1113 714 Respondeo
1133 629 1305 716 negatiue.
1327 645 1380 713 23.
1404 629 1433 695 F
1435 629 1469 694 ui
1489 631 1609 710 Romae,

409 722 566 799 Genuae,
576 719 801 805 Vlyssiponae
810 715 1100 802 etConimbriqae:
1112 729 1300 804 occupatus
1309 719 1359 783 sui
1371 716 1405 783 in
1419 717 1608 798 coenatione,

409 809 523 874 culina
537 820 603 874 etc.
623 807 708 875 etin
724 805 1076 873 studiisliterarum...
1095 804 1199 896 [Solu]
1221 827 1248 873 1.
1268 806 1355 874 Dedi
1376 827 1510 892 operam
1520 806 1613 873 literis

412 897 482 965 sere
493 919 552 984 per
563 896 719 964 vndecim
733 915 851 974 annue,
863 905 934 958 tum
945 894 1201 962 humanioribus
1213 895 1421 974 dialecticae,
1432 916 1472 960 ac
1481 894 1595 982 philoso

409 985 522 1071 phiae,
546 996 617 1051 tum
639 985 740 1051 etiam
763 982 957 1069 theologiae
974 1003 1013 1049 ac
1033 983 1139 1052 literis
1163 983 1328 1051 hebraeis.
1356 985 1489 1070 incoepi
1514 997 1611 1051 autem

410 1073 581 1153 Schuazii‚
597 1073 720 1141 deinde
733 1071 943 1158 lngolstadij,
958 1071 1124 1151 Viennae,
1141 1073 1279 1154 Romae,
1293 1073 1439 1140 Genuae
1450 1089 1483 1138 et
1495 1075 1611 1140 tandem

410 1163 466 1230 hic
483 1162 732 1230 Conimbricae.
752 1162 788 1227 ln
807 1159 976 1246 prioribus
992 1161 1128 1245 quidem
1147 1161 1256 1228 tribus
1272 1162 1366 1242 locis,
1382 1172 1551 1246 antequam
1566 1161 1612 1226 in-

411 1273 551 1338 gressus
573 1271 683 1318 essem
704 1250 926 1330 societatem
948 1249 983 1314 in
1005 1251 1238 1334 sequentibus,
1262 1262 1441 1336 postquam
1461 1251 1616 1336 ingressus

411 1339 658 1409 Societatem...
679 1357 711 1421 7.
731 1339 787 1404 Ad
804 1337 1050 1403 licentiaturam
1064 1339 1098 1403 in
1111 1340 1241 1406 artibus
1252 1339 1307 1404 hic
1320 1341 1527 1406 examinatus
1537 1359 1612 1416 sum;

413 1429 523 1494 simne
540 1449 621 1494 uero
638 1427 777 1494 meritus
794 1447 913 1504 necne,
932 1425 1064 1511 ignoro.
1084 1426 1121 1514 [l,
1141 1429 1218 1511 562,
1237 1427 1312 1516 563]

484 1535 512 1583 1.
563 1515 829 1600 Cirristoplzorus
845 1516 1035 1600 Zieglerus
1050 1535 1081 1581 2.
1097 1517 1153 1582 Ad
1166 1517 1290 1598 minus,
1304 1518 1419 1596 credo,
1435 1535 1487 1582 20.
1503 1537 1531 1600 3.
1544 1517 1615 1583 Sum

413 1605 550 1672 natione
561 1626 757 1692 germanus
773 1602 945 1688 provincia
955 1604 1264 1691 wirtenbergensis,
1275 1604 1382 1691 patria
1394 1604 1615 1692 Stutgardia...

417 1711 467 1760 12.
487 1695 575 1760 Cum
598 1691 770 1760 Ferrariae
790 1691 901 1758 medio
922 1714 1012 1757 anno
1032 1695 1215 1778 degissem,
1239 1697 1379 1760 Romam
1401 1695 1478 1761 veni
1498 1693 1616 1766 missus,

414 1794 448 1848 et
465 1805 484 1847 a
501 1784 541 1848 R.
567 1785 606 1848 Ρ.
632 1773 781 1848 Polanco
801 1790 958 1865 receptus
979 1792 1013 1848 et
1034 1781 1246 1849 examinatus
1266 1784 1301 1848 in
1327 1785 1429 1850 domo
1456 1782 1619 1851 Societatis

413 1872 530 1938 lesu...
559 1889 609 1951 14.
631 1872 685 1936 Ad
703 1871 844 1935 nullum.
869 1885 919 1952 15.
939 1869 1073 1936 Vienna
1088 1893 1260 1956 egressus,
1284 1875 1411 1940 Romae
1432 1871 1616 1940 Societatem

413 1959 642 2046 ingressurus
670 1956 841 2025 Ferrariae
864 1957 1002 2024 relictus
1018 1979 1105 2042 sum;
1128 1960 1251 2028 deinde
1272 1964 1412 2028 Romam
1429 1959 1518 2041 veni;
1535 1959 1620 2024 istinc

414 2047 631 2132 Enepontum
648 2044 718 2137 [sic]
740 2048 922 2131 profectus

490 2155 517 2202 1.
536 2137 651 2202 Vocor
669 2136 835 2200 Claudius
848 2137 1036 2201 ildallzaeus.
1054 2153 1080 2202 2.
1096 2137 1228 2222 Viginti
1241 2138 1391 2224 quinque
1403 2160 1511 2204 annos
1522 2147 1616 2202 natus.

418 2246 451 2309 3.
471 2224 618 2291 Natione
631 2224 845 2310 luthoringos
857 2223 942 2312 isici,
962 2225 1115 2291 tullensis
1127 2227 1313 2294 diocesis..
1334 2245 1380 2293 12.
1396 2227 1544 2314 Quartus
1562 2225 1622 2290 iere

416 2313 606 2378 absolvitur
621 2334 743 2392 annue,
761 2335 803 2378 ex
821 2333 889 2396 quo
906 2313 940 2378 in
956 2313 1161 2380 Societatem
1179 2315 1227 2380 lui
1243 2326 1402 2401 receptus
1417 2338 1438 2383 a
1453 2318 1497 2382 R.
1517 2317 1551 2380 P.
1568 2333 1617 2397 gc·

417 2400 525 2470 nerali
542 2403 670 2468 Romae
685 2401 721 2466 in
734 2403 835 2466 domo
850 2405 1002 2480 Petrum,
1017 2411 1051 2468 et
1063 2403 1274 2470 examinatus
1286 2427 1306 2471 a
1319 2404 1478 2472 Patribus
1493 2403 1623 2484 Polanco
1734 2473 1735 2476 4

417 2502 452 2559 et
469 2488 675 2557 Madridi0...
701 2507 751 2571 14.
771 2491 848 2556 Νοη
869 2512 944 2555 sum
968 2492 1011 2556 ad
1031 2491 1178 2575 aliquem
1200 2491 1466 2561 ecclesiasticum
1488 2490 1620 2556 ordinem

417 2591 604 2665 promotus.
631 2595 679 2661 15.
701 2578 763 2644 Fui
781 2577 816 2643 in
832 2579 976 2665 collegio
992 2600 1131 2646 romano
1147 2593 1182 2648 et
1198 2582 1408 2648 turnonensi.
1432 2582 1482 2648 16.
1501 2577 1621 2646 Exerci-

418 2668 465 2734 tia
482 2667 669 2751 spiritualia
687 2666 751 2735 feci
767 2687 827 2752 per
847 2669 866 2733 8
887 2668 960 2733 dies
976 2677 1120 2735 tantum.
1140 2669 1243 2758 [Sola]
1265 2689 1292 2737 1.
1312 2673 1506 2755 Antequam
1522 2669 1621 2753 ingre-

417 2757 515 2824 derer
528 2756 747 2836 Societatem,
762 2757 805 2820 ab
817 2755 957 2823 ineunte
969 2767 1081 2824 aetate
1094 2759 1164 2827 fere
1180 2780 1312 2846 semper
1327 2759 1445 2825 studui
1456 2757 1557 2825 literis
1568 2758 1621 2820 hu·
1733 2787 1734 2806 1

417 2844 637 2924 manioribus3
653 2843 688 2909 in
705 2845 876 2912 Societate
893 2867 953 2930 per
965 2863 986 2927 4
998 2867 1106 2912 annos
1122 2848 1390 2934 philosophiae...
1410 2850 1442 2914 6.
1461 2849 1580 2914 Romae
1592 2844 1622 2906 in

417 2932 565 3019 collegio
581 2932 761 3000 Societatis
777 2935 820 2998 ad
837 2936 980 3018 gradum
997 2935 1183 3020 magisterii
1201 2959 1220 3002 a
1239 2939 1282 3003 D.
1299 2937 1483 3004 Emanuele
1500 2933 1546 3000 fui
1557 2953 1622 3020 pro⁴

419 3033 544 3088 motus·
564 3019 603 3108 1,
622 3037 698 3108 500,
719 3022 841 3109 orbis]

436 3129 440 3138 ·
490 3129 518 3176 1.
569 3112 748 3176 Cornelius
780 3109 979 3199 [Versclwll
1015 3130 1046 3178 2.
1081 3111 1214 3198 Viginti
1241 3117 1330 3179 octo.
1367 3133 1398 3196 3.
1432 3113 1623 3187 Germanus
1732 3127 1733 3138 ³

418 3198 654 3278 brabantinos,
668 3199 944 3266 buscoducensis.
953 3251 974 3265 ..
990 3219 1039 3268 12.
1051 3202 1141 3268 Sunt
1152 3213 1281 3286 septem
1295 3203 1373 3268 anni
1385 3201 1502 3287 elapsi.
1517 3203 1552 3266 ln
1563 3199 1623 3264 col·

418 3287 510 3372 legio
527 3287 726 3368 coloniensi,
742 3288 776 3352 in
794 3289 966 3373 provincia
980 3289 1131 3356 Rheni...
1152 3307 1202 3372 14.
1220 3291 1316 3372 Sum,
1331 3311 1533 3376 quamquam
1549 3287 1624 3353 indi-

420 3397 524 3461 gnus
543 3378 710 3442 sacerdos
744 3392 793 3460 15.
815 3379 852 3442 ln
874 3377 1019 3464 collegio
1038 3377 1223 3444 coloniensi
1244 3391 1279 3446 et
1305 3377 1572 3465 moguntinensi,
1597 3385 1625 3442 et

420 3466 521 3530 modo
537 3463 572 3529 in
594 3465 812 3532 trevirensi...
838 3466 1004 3551 Magister
1027 3467 1150 3533 artium
1170 3488 1245 3532 sum
1268 3468 1431 3534 Coloniae
1452 3477 1623 3554 promotus.
1731 3461 1732 3470 ’

419 3552 508 3622 Dedi
523 3565 558 3619 et
573 3556 639 3618 hoc
656 3553 868 3620 Buscoducis
883 3554 989 3622 literis
1012 3557 1226 3622 solummodo
1248 3567 1283 3622 et
1303 3577 1441 3623 cursum
1462 3553 1583 3622 absolvi
1598 3552 1625 3616 in

421 3641 592 3710 Societate
604 3641 724 3727 quinto
737 3665 837 3709 ann0.
854 3645 932 3710 Non
944 3644 1058 3710 docui.
1067 3645 1314 3711 ..—Cornelius
1326 3647 1507 3724 Verschot,
1516 3647 1626 3710 busco·

420 3729 590 3796 ducensis.
611 3729 648 3817 [l.
669 3731 745 3819 598]
766 3735 787 3798 ¹.

492 3837 519 3884 1.
569 3820 683 3885 Vocor
699 3821 905 3886 Desiderius
928 3821 1021 3907 [alias
1042 3821 1225 3910 Erasmus]
1250 3823 1453 3888 Gorderius.
1477 3839 1509 3888 2.
1532 3821 1629 3887 Natus
1730 3815 1731 3824 ‘

420 3927 495 3972 sum
508 3929 616 3974 annos
631 3909 682 3973 26.
700 3929 731 3992 3.
746 3908 892 3976 Natione
904 3911 1027 3996 gallus,
1039 3909 1211 3995 provincia
1222 3910 1429 3996 Companiae
1442 3909 1525 4002 [sic]‚
1534 3905 1627 3996 patria

420 3994 673 4080 lingonensis...
699 4015 749 4064 12.
769 3998 902 4066 Novem
919 3998 999 4064 anni
1015 4011 1095 4064 sunt
1111 4021 1153 4064 ex
1170 4021 1238 4082 quo
1258 4021 1331 4065 sum
1349 3999 1385 4066 in
1402 3998 1568 4068 Societate
1582 4015 1625 4058 re·

420 4094 541 4168 ceptus
557 4083 592 4149 in
609 4085 754 4170 collegio
770 4107 910 4152 romano
927 4097 961 4154 et
977 4087 1023 4152 ibi
1035 4087 1289 4154 examinatus...
1310 4107 1359 4169 14.
1376 4091 1431 4155 Ad
1444 4090 1569 4153 nullum
1580 4105 1627 4148 or·
1729 4133 1730 4138 .

422 4171 536 4239 dinem
559 4174 826 4242 ecclesiasticum
848 4195 924 4240 sum
953 4188 1138 4259 promotus
1173 4193 1222 4259 15.
1254 4178 1291 4243 ln
1317 4177 1463 4264 collegio
1490 4193 1627 4246 romano,

422 4259 644 4329 lauretan0...
674 4273 709 4328 et
730 4262 878 4349 parisino
898 4263 1061 4330 habitavi.
1086 4267 1123 4330 ln
1144 4264 1260 4332 multis
1284 4265 1357 4332 aliis
1383 4265 1484 4333 etiam
1509 4263 1555 4330 tui
1578 4259 1628 4326 sed

420 4371 552 4436 paucos
565 4350 639 4418 dies
655 4363 792 4438 propter
807 4351 1121 4444 alelgritudinem...
1146 4355 1195 4420 18.
1214 4356 1304 4421 Vota
1320 4355 1415 4421 emisi
1427 4355 1462 4421 in
1474 4353 1630 4424 Societate

426 4487 635 4500 ——a—-u—m-

475 4563 486 4644 ¹·
522 4561 610 4618 Aliud
624 4571 670 4618 est
683 4579 807 4620 examen
820 4564 907 4635 hujus
922 4563 1059 4622 Cornelii
1070 4569 1115 4634 (ut
1129 4565 1256 4635 videtur)
1268 4565 1353 4637 ibid,
1366 4567 1421 4623 fol.
1439 4579 1502 4638 594,
1515 4565 1628 4640 quinque

417 4647 502 4686 annrs
515 4643 584 4688 ante
597 4635 652 4690 hoc
666 4636 822 4707 scripturn,
836 4653 877 4692 sc.
893 4653 970 4692 anno
986 4638 1064 4705 1562.
