3464 5386
399 453 452 526 ³74
802 455 910 512 Errsr.
933 453 967 509 P.
987 452 1190 523 Nauae-307

394 608 479 696 Jesu
491 604 741 674 commissarius
752 605 934 694 generalis,
948 603 1113 693 magistro
1125 605 1309 674 Laurentio
1324 602 1453 691 Magio,
1466 602 1603 671 eiusdem

399 721 580 791 Societatis
595 721 746 808 professo
765 722 788 804 ¹,
806 721 950 790 salutem
965 720 1001 786 in
1016 719 1164 788 Domino
1179 719 1431 806 sempiternam.

467 835 622 905 Prouidit
637 835 919 904 clementissimus
936 838 1037 904 Pater
1052 837 1148 904 Deus
1162 856 1245 904 suae
1260 833 1425 904 ecclesiae
1438 831 1604 920 sapientis

399 951 493 1020 sime.
512 953 591 1019 Non
607 951 696 1021 enim
712 950 748 1017 in
763 972 804 1019 ea
819 951 929 1018 solum
945 951 1117 1036 apostolos
1135 960 1171 1019 et
1190 949 1257 1018 alia
1270 949 1473 1018 charismata
1489 944 1604 1034 posuit,

399 1067 461 1134 sed
473 1068 640 1150 ‚doctores
659 1066 761 1134 etiam
782 1068 825 1134 ad
836 1067 1171 1136 consummationem
1189 1076 1386 1134 sanctorum
1403 1064 1533 1151 inopus
1547 1061 1605 1128 mi·

399 1181 540 1249 nisterii.
560 1182 660 1249 Hanc
675 1191 896 1268 potestatem,
913 1202 933 1246 a
951 1183 1026 1249 Deo
1041 1191 1228 1268 acceptam,
1246 1190 1395 1261 exercet,
1412 1190 1447 1249 et
1466 1177 1607 1265 legitime

399 1307 434 1364 et
450 1295 669 1382 prouidenter
689 1295 833 1366 ecclesia
853 1307 983 1363 saneta.
1010 1297 1128 1382 ltaque
1150 1297 1307 1364 doctores
1326 1293 1463 1362 diuinae
1481 1291 1606 1378 sapien-

399 1409 467 1480 tiae
483 1411 595 1498 (quam
612 1411 823 1499 theologiam·
833 1409 1007 1498 uocamus)
1024 1411 1182 1498 designat
1198 1421 1301 1496 atque
1316 1407 1474 1491 instituit,
1488 1407 1542 1493 qui
1557 1428 1608 1472 sa-

399 1545 474 1592 cras
488 1525 604 1593 literas
619 1547 801 1612 sacrosque
816 1527 974 1595 doctores
989 1547 1029 1593 ac
1046 1526 1240 1594 uniuersam
1257 1523 1464 1611 theologiam
1484 1543 1540 1610 pro
1555 1543 1608 1588 ac-

399 1651 498 1728 cepta
517 1640 718 1709 auctoritate
738 1641 1004 1727 interpretentur
1023 1663 1064 1709 ac
1083 1642 1240 1710 doceant.
1265 1639 1455 1728 Coniungit
1479 1659 1556 1704 uero
1576 1636 1608 1702 in

355 1781 358 1788 ·
398 1755 440 1824 iis
459 1754 590 1824 artibus
610 1755 807 1842 magistros,
831 1755 889 1841 qui
910 1756 953 1824 ad
975 1756 1166 1844 theologiae
1190 1755 1303 1823 studia
1325 1755 1426 1824 utiles
1445 1775 1519 1822 esse
1536 1773 1608 1839 pos·

399 1880 492 1938 sunt.
517 1869 721 1942 Societatem
744 1881 858 1940 autem
875 1873 959 1960 Jesu
979 1871 1053 1940 iure
1074 1882 1110 1940 et
1130 1870 1249 1939 ordine
1267 1871 1312 1940 ab
1338 1870 1481 1938 ecclesia
1502 1881 1610 1936 sancta

398 1985 547 2070 sedeque
562 1984 748 2072 apostolica
762 1985 937 2072 probatam
959 1996 994 2052 et
1013 1985 1166 2074 legitime
1186 1986 1430 2066 confirmatam,
1452 2005 1528 2051 cum
1547 1982 1608 2050 sci-

398 2111 451 2168 ret
466 2101 585 2169 eadem
601 2110 719 2167 sancta
734 2101 833 2169 sedes
848 2123 891 2168 ex
906 2099 1064 2168 instituto
1079 2102 1217 2183 habere,
1237 2111 1276 2167 ut
1291 2100 1448 2188 religiose
1463 2099 1498 2166 in
1517 2097 1608 2185 spiri·

398 2224 455 2282 tus
470 2214 687 2283 deuotionem
703 2236 743 2281 ac
759 2235 875 2284 sacrae
891 2215 1083 2302 theologiae
1098 2215 1210 2282 studia
1226 2215 1451 2295 incumberet,
1468 2225 1501 2282 et
1517 2213 1609 2280 simul

398 2329 575 2397 commode
592 2339 786 2397 uersaretur
800 2329 836 2397 in
852 2329 1001 2397 omnium
1018 2330 1192 2400 literarum
1208 2329 1342 2411 studiis,
1360 2351 1447 2415 quae
1461 2330 1504 2397 ad
1518 2331 1609 2396 theo
1648 2341 1651 2347 '

399 2443 702 2531 logiamconferre
726 2455 890 2531 possunt;
912 2456 950 2512 vt
974 2445 1100 2513 maiore
1125 2466 1203 2512 cum
1224 2445 1338 2512 fructu
1359 2446 1403 2512 ad
1421 2444 1547 2511 animas
1560 2442 1609 2509 iu·

398 2560 538 2642 vandas,
555 2559 615 2645 qui
630 2571 683 2629 est
703 2559 781 2627 finis
800 2559 992 2642 Societatis,
1010 2581 1146 2647 operam
1162 2562 1243 2629 dare
1258 2569 1385 2647 posset;
1402 2562 1520 2626 llorere
1535 2577 1610 2626 uero

398 2676 530 2743 uideret
541 2674 576 2741 in
588 2675 769 2745 Societatis
781 2675 962 2744 academiis
973 2687 1008 2745 et
1020 2675 1154 2762 pietatis
1166 2686 1201 2746 et
1214 2675 1406 2763 theologiae
1417 2687 1452 2743 et
1468 2673 1609 2741 omnium

396 2790 569 2858 literarum
584 2790 709 2872 studia;
727 2790 877 2878 prouidit
892 2792 1094 2859 auctoritate
1110 2791 1295 2878 apostolica
1310 2789 1492 2877 sapienter,
1510 2800 1548 2857 ut
1562 2789 1607 2856 la-

397 2906 507 2973 cultas
533 2918 624 2975 esset
644 2905 679 2972 in
700 2889 872 2976 Societitte
887 2909 983 2996 Jesu,
1006 2927 1074 2992 qua
1094 2905 1226 2974 institui
1246 2910 1398 2993 possent,
1421 2927 1489 2972 non
1509 2905 1608 2974 solum
1722 2891 1723 2898 ἵ

397 3022 553 3090 doctores
573 3021 609 3087 in
629 3042 725 3090 sacra
745 3020 932 3109 theologia,
954 3023 1014 3091 sed
1035 3023 1070 3088 in
1090 3022 1220 3090 artibus
1242 3022 1344 3090 etiam
1370 3021 1562 3089 liberalibus
1579 3026 1610 3082 et

397 3133 610 3222 philosophia
630 3135 797 3222 magistri,
823 3158 864 3203 ac
884 3137 1004 3224 reliqui
1026 3139 1154 3225 gradus
1175 3136 1381 3219 scholastici,
1405 3137 1464 3222 qui
1490 3136 1532 3203 ad
1553 3139 1610 3202 hos

397 3249 554 3331 attinent,
573 3250 731 3318 conferri:
749 3273 851 3338 quam
870 3253 1065 3320 facultatem
1081 3252 1205 3340 passim
1222 3234 1358 3322 eirercet
1373 3255 1539 3322 hactenus
1549 3253 1610 3322 So·

396 3363 514 3434 cietas.
532 3367 620 3433 Cum
637 3365 744 3453 igitur
760 3377 806 3448 te,
820 3337 962 3436 'Patrem
979 3367 1201 3436 Laurentium
1218 3367 1384 3456 Magium,
1402 3367 1606 3454 professum¹

396 3465 508 3549 dictae
523 3480 714 3562 Societatis,
730 3479 764 3547 in
776 3481 906 3550 artibus
917 3482 1113 3552 liberalibus
1125 3504 1165 3551 ac
1178 3482 1391 3571 philosophia
1402 3481 1607 3570 magistrum,

396 3605 431 3663 et
447 3595 582 3683 collegii
598 3596 705 3664 nostri
720 3596 916 3666 viennensis
932 3608 1096 3666 rectorem
1118 3599 1145 3684 ³,
1166 3597 1331 3665 sciremus
1351 3599 1478 3666 Romae
1499 3597 1535 3665 in
1555 3616 1609 3663 no-

393 3721 464 3779 stra
484 3711 656 3779 academia
682 3711 835 3800 legitima
862 3713 975 3779 studia
999 3713 1192 3801 theologiae
1216 3713 1229 3746 ⁴
1253 3713 1377 3782 eximio
1401 3735 1479 3780 cum
1497 3713 1609 3778 ¹fructu

451 3857 459 3888 ¹
496 3853 575 3925 Tm,
595 3855 768 3910 scitota-stica
790 3855 964 3927 approbato.
987 3854 1073 3909 Ratio
1094 3854 1181 3926 hujus
1199 3853 1377 3912 discriminis
1400 3854 1431 3910 in
1451 3851 1610 3910 testimonio

396 3941 569 4015 magisterii,
582 3952 629 3999 est
640 3943 709 4017 quia
721 3943 768 3998 hic
780 3941 890 4013 gradus
901 3944 1026 4000 collatus
1039 3943 1095 3999 fuit
1107 3943 1156 3998 die
1168 3959 1186 4014 9
1199 3942 1340 4015 Augusti,
1352 3959 1420 3998 cum
1432 3942 1466 4000 P.
1485 3939 1610 4014 Maggius

396 4031 525 4088 nondum
537 4031 750 4105 professionem
764 4032 912 4101 omiserat3
926 4033 1001 4088 hanc
1018 4033 1097 4089 enim
1113 4032 1163 4088 die
1180 4045 1215 4088 20
1233 4031 1366 4104 ejusdem
1384 4031 1493 4087 mensis
1512 4027 1610 4086 Vindo-

395 4122 491 4176 bonae
503 4122 693 4195 nuncupavit.
709 4121 783 4176 Vide
797 4121 883 4194 epist.
897 4120 962 4192 305,
976 4141 1004 4178 n.
1019 4119 1048 4190 ³,
1061 4120 1113 4177 ubi
1125 4137 1200 4194 qnae
1212 4139 1230 4176 a
1241 4120 1339 4176 Natali
1348 4135 1401 4192 pro
1410 4118 1543 4192 ejusdem
1554 4132 1610 4190 grt-
1719 4165 1720 4178 ,

396 4208 483 4267 dibus
501 4209 675 4266 academicis
693 4218 724 4266 et
742 4209 867 4266 solemni
888 4209 1071 4282 professione
1090 4210 1194 4267 Lainio
1211 4210 1361 4283 proposita
1381 4209 1496 4266 fuerant
1519 4221 1609 4281 appro

398 4300 575 4458 bansurim„
599 4388 808 4446 scholasticum
820 4387 1037 4462 approbatum,
1052 4397 1198 4460 utsupra.

446 4477 459 4509 ⁸
494 4477 576 4533 Haec
590 4479 690 4533 verba:
705 4479 739 4534 in
752 4479 869 4535 artium
882 4495 917 4534 ac
926 4478 1117 4550 philosophia
1135 4479 1331 4552 magistrum,
1348 4480 1378 4534 si
1390 4475 1511 4550 collegii
1525 4468 1610 4530 nostri

392 4565 564 4622 vienmmis
576 4571 722 4624 rectorem
734 4566 842 4626 desunt
854 4567 885 4623 in
897 4568 964 4623 Tm.

448 4654 461 4687 ⁴
495 4655 574 4724 Tm,
587 4657 652 4712 loco
664 4657 830 4732 theologiae
841 4658 941 4713 habet:
955 4657 1113 4714 ostiumst
1126 4657 1216 4712 totius
1224 4655 1441 4730 philosophias.
