3604 5380
747 431 816 500 1562
1358 445 1392 504 91

231 584 312 652 Dixi
327 585 563 674 vt·ille'·Pater‚
577 585 621 652 de
636 604 705 670 quo
717 583 829 672 attigi,
844 583 1033 652 vallisoleti
1045 607 1089 652 ne
1105 583 1286 666 habitaret;
1308 584 1314 672 Ι
1334 585 1396 654 sed

171 703 309 768 Romam
324 701 528 770 mitteretur.
546 701 723 783 Tablares,
741 711 780 767 vt
794 701 895 787 plane
910 715 1021 768 mores
1036 699 1111 767 illos
1127 698 1300 790 liberiores
1320 697 1395 790 [de-

172 816 324 908 poneret]
339 827 374 884 et
389 815 560 884 habitaret
574 814 611 881 in
626 813 793 902 collegiis,
816 816 1086 900 obseruaretque
1106 816 1244 903 regulas
1267 827 1304 882 vt
1324 815 1393 901 alij;
1445 801 1450 812 ’

172 931 293 1018 alioqui
308 935 451 1000 Romam
466 942 505 997 vt
519 931 723 1012 mitteretur,
742 930 833 1016 quod
847 930 912 996 fuit
923 930 1004 997 huic
1015 930 1129 1012 saluti,
1144 953 1235 1012 nam,
1250 933 1395 1000 Romam

174 1045 304 1127 missus,
317 1047 386 1113 illic
401 1057 558 1112 mortuus
572 1057 625 1114 est
640 1046 707 1132 pie.
727 1045 844 1113 Alium
860 1067 929 1112 non
949 1044 1126 1127 miserunt,
1150 1047 1242 1131 quod
1263 1048 1395 1115 valetu-

173 1161 281 1228 dinem
296 1172 484 1230 excusaret.
504 1161 595 1228 Huic
610 1160 752 1248 remjsit,
770 1160 903 1246 opinor,
920 1160 1165 1246 profectionem
1183 1164 1222 1229 P.
1241 1163 1391 1248 Laynez.

234 1278 333 1359 Dedi,
351 1299 422 1345 non
440 1278 619 1364 generales
640 1277 750 1344 solum
771 1275 1012 1344 instructiones
1031 1275 1309 1363 prouincialibus,
1332 1280 1392 1347 sed

174 1393 355 1478 peculiares
390 1395 481 1479 ¹pro
515 1391 661 1480 singulis
693 1390 853 1478 negotiis.
888 1393 993 1461 Suam
1020 1392 1101 1458 item
1133 1390 1392 1462 instructionem

173 1507 409 1589 commissario,
427 1508 516 1576 18ss
530 1497 599 1594 qua
613 1507 823 1596 explicabam
839 1508 1031 1588 facultates,
1049 1528 1135 1592 quas
1151 1518 1241 1576 esset
1257 1508 1394 1576 habitu-

176 1643 240 1703 rus,
257 1644 344 1708 quae
360 1636 479 1710 postea
494 1626 633 1690 fuerunt
649 1621 743 1690 visae
758 1623 938 1709 ampliores
956 1625 993 1690 P.
1011 1625 1054 1690 N.
1071 1621 1191 1708 Layni.

236 1739 459 1808 Desiderabat
485 1739 650 1808 Ximenez
688 1749 847 1825 parentes
877 1737 1034 1805 inuisere.
1065 1738 1246 1807 Concessi:
1264 1739 1339 1820 iuit,
1358 1751 1393 1808 et

178 1853 265 1920 venit
288 1855 332 1921 ad
359 1877 415 1923 me
441 1856 744 1942 Cesaraugustam.
774 1854 849 1920 Emi
880 1855 1046 1936 2mu10s3
1075 1875 1182 1938 quum
1208 1875 1297 1921 vnus
1323 1877 1393 1922 non

178 1968 328 2053 placeret,
357 1970 479 2056 reliqui
506 1969 797 2056 complutensibus
823 1970 942 2038 eodem
968 1969 1095 2056 precio,
1119 1980 1155 2036 et
1181 1971 1249 2037 emi
1274 1970 1389 2038 alium.

178 2081 292 2170 Emit3
309 2086 476 2156 Ximenez
488 2085 663 2172 Lucronij.
683 2085 834 2153 Omnino
849 2085 1033 2166 consuluit,
1051 2084 1154 2152 immo
1174 2085 1260 2152 vrsit
1280 2088 1392 2153 Arao-

177 2198 245 2267 zius
258 2223 300 2268 ne
315 2224 377 2288 per
392 2201 555 2269 Baionam
576 2195 640 2268 iter
660 2202 819 2282 facerem,
849 2202 910 2267 sed
928 2222 989 2287 per
1006 2209 1139 2268 montes
1156 2203 1330 2287 Pyreneos
1357 2213 1393 2271 et

179 2315 313 2383 lachem:
332 2315 427 2384 nolui
443 2339 648 2406 repugnare.
671 2317 678 2407 Ι

238 2433 424 2514 Postremo,
442 2432 664 2521 congregatis
677 2433 849 2514 fratribus,
864 2430 1037 2519 publicaui
1049 2434 1141 2517 quod
1153 2433 1300 2501 feceram
1313 2455 1392 2520 pro·

179 2545 328 2616 uinciales
339 2560 374 2618 et
385 2549 666 2629 commissarium,
681 2559 762 2630 ete.;
777 2559 824 2630 et,
836 2549 948 2634 quoad
961 2547 1068 2634 potui,
1082 2548 1261 2615 conciliaui
1272 2560 1393 2617 aucto-

180 2660 303 2731 ritatem
319 2665 480 2746 Araozio,
495 2675 561 2732 etc.

240 2843 316 2910 182
676 2863 858 2912 cnursnnrr
876 2845 887 2876 ¹

240 3013 286 3080 Eo
301 3013 381 3082 veni
408 3034 488 3080 cum
511 3012 635 3101 Egidio
661 3013 827 3098 Goncale,
857 3013 892 3080 id
915 3013 1005 3082 enim
1033 3013 1132 3082 enixe
1159 3015 1394 3100 postulauerat

181 3128 355 3210 Marchina,
374 3130 429 3214 cuj
446 3151 516 3196 non
534 3130 689 3216 placebat
708 3127 766 3195 illa
786 3128 872 3197 ratio
887 3129 1087 3216 scripturae,
1105 3151 1193 3217 quae
1208 3141 1281 3198 erat
1302 3131 1392 3199 facta

182 3263 235 3326 pro
253 3245 451 3312 fundatione
478 3243 612 3332 collegij
637 3245 852 3314 conchensis.
876 3249 1006 3314 Mutata
1029 3247 1041 3279 ³
1062 3257 1115 3312 est
1134 3247 1314 3336 scriptura,
1337 3269 1392 3316 re-

183 3365 266 3425 tenta
276 3360 479 3442 substantia,
487 3382 555 3445 qua
565 3360 781 3447 simplicitate
795 3361 977 3431 Societatis
986 3361 1132 3430 laetatus
1144 3373 1198 3429 est
1208 3366 1393 3431 vehemen-

183 3482 237 3542 ter.
253 3475 372 3544 Dimisi
388 3475 548 3564 Egidium
569 3498 648 3544 cum
668 3477 837 3544 mandatis
857 3489 894 3544 vt
911 3489 1002 3546 esset
1033 3479 1232 3546 obseruator
1253 3489 1288 3544 et
1307 3477 1392 3545 scri-

184 3588 271 3658 beret
285 3592 328 3658 ad
343 3615 411 3675 me,
430 3593 482 3660 vel
496 3592 703 3680 generalem.
727 3593 733 3682 Ι

614 3793 947 3842 cnusnnnUGUsTnE

240 3941 285 4008 Ea
299 3953 373 4010 erat
388 3943 445 4010 via
460 3943 503 4010 ad
520 3945 725 4030 Pyreneum.
745 3943 905 4010 Carolum
922 3943 1073 4012 intellexi
1085 3942 1226 4010 missum
1238 3945 1282 4010 ad
1297 3965 1390 4024 suos

180 4075 271 4140 quem
285 4079 352 4146 ego
367 4057 415 4125 ita
425 4057 558 4144 reliqui,
572 4069 610 4124 vt
625 4058 721 4124 illum
737 4080 807 4125 non
820 4057 1024 4126 dimitterem
1037 4080 1057 4125 e
1069 4059 1252 4138 Societate,
1266 4059 1328 4125 sed
1339 4059 1394 4126 iu-

180 4167 283 4240 berem
298 4175 391 4260 apud
406 4195 487 4241 suos
503 4173 632 4241 tamdiu
649 4185 751 4254 esset,
770 4176 880 4240 donec
896 4174 1085 4242 confideret
1097 4196 1134 4242 se
1150 4173 1292 4260 ecapite
1304 4174 1394 4244 bene

181 4284 302 4356 habere.
323 4289 482 4371 Visitaui,
500 4301 566 4357 etc.
586 4290 635 4357 Ibi
652 4289 762 4377 reperi
780 4293 821 4358 P.
839 4293 1111 4372 Domenechum,
1131 4311 1232 4377 quem
1248 4312 1316 4378 ego
1332 4311 1396 4358 cu-

230 4479 238 4512 *
272 4481 339 4552 lis,
354 4479 572 4552 peculiaribus.

228 4571 239 4602 ¹
272 4568 524 4644 stepelinum
536 4569 571 4640 0)
581 4569 658 4627 Vide
671 4568 758 4642 epist.
776 4581 838 4642 197,
852 4587 882 4625 n.
898 4583 924 4639 2;
937 4577 967 4624 et
984 4569 1043 4640 198,
1057 4587 1089 4624 n.
1110 4583 1138 4625 r.

229 4659 240 4690 ²
274 4659 452 4729 Mammea.
