3604 5380
347 483 385 541 72
775 471 808 526 P.
829 470 970 526 Narams
988 471 1152 526 ararum.

417 689 497 755 137
880 707 1016 756 suarna

416 859 577 926 Humane
590 877 654 924 nos
681 855 810 942 recepit
836 856 1032 944 episcopus:
1051 855 1229 942 pollicetur
1248 857 1256 889 ¹
1278 853 1472 923 liberaliter:
1495 853 1570 941 pla-

346 971 420 1039 cuit
434 994 503 1039 non
519 971 734 1042 mediocriter
745 971 854 1059 pietas
869 984 906 1040 et
919 971 1074 1039 doctrina
1088 969 1192 1038 huius
1206 968 1367 1057 episcopi.
1386 968 1489 1050 Hinc,
1512 990 1568 1037 re·

345 1087 503 1155 missoad
515 1109 617 1155 suum
627 1086 991 1175 collegium‚venimus
1000 1088 1043 1153 ad
1055 1083 1300 1154 monasterium
1312 1085 1349 1154 S.
1364 1085 1391 1151 F
1393 1083 1519 1154 oelicis.
1542 1083 1550 1173 Ι

804 1286 852 1340 AD
869 1285 900 1333 S.
924 1285 1106 1333 FOELICEM

415 1437 482 1503 Hic
497 1435 631 1522 repperi
651 1437 693 1502 P.
715 1434 933 1504 Franciscum
961 1433 1182 1514 Henrichem‚
1211 1442 1465 1520 procuratorem
1490 1453 1570 1518 pro-

348 1551 493 1634 uinciae,
511 1573 580 1639 quo
606 1561 747 1620 venerat
767 1561 906 1638 propter
929 1549 1085 1637 negocia.
1109 1550 1217 1616 Erant
1235 1547 1326 1616 enirn
1346 1569 1402 1616 res
1422 1547 1469 1614 ibi
1490 1569 1569 1634 per—

347 1669 515 1748 turbatae,
538 1677 677 1753 propter
696 1665 899 1747 libertatem,
922 1687 1023 1750 quam
1040 1665 1167 1731 fecerat
1188 1666 1229 1730 P.
1258 1663 1460 1730 Franciscus
1480 1663 1570 1730 colo·

346 1783 412 1864 nis,
425 1793 464 1849 vt
490 1782 607 1850 liceret
622 1780 705 1866 ipsis
727 1781 772 1849 de
786 1802 850 1848 suo
865 1781 939 1849 iure
958 1789 994 1847 et
1016 1790 1210 1846 nostrorum
1230 1777 1465 1845 exactionibus
1485 1799 1569 1846 con·

344 1899 456 1984 querj,
489 1897 590 1964 'etc
619 1895 711 1964 Nihil
739 1918 806 1983 ego
833 1895 986 1976 definiui,
1015 1896 1077 1963 sed
1102 1892 1285 1981 negocium
1313 1893 1426 1960 remisi
1452 1895 1497 1961 ad
1524 1897 1564 1961 P.

347 2012 578 2094 Franciscum,
596 2022 635 2079 vt
648 2033 728 2079 curn
743 2011 800 2078 illo
815 2021 958 2099 agerent
968 2009 1076 2078 nostri
1092 2009 1328 2096 Vlissyponae.

343 2169 345 2173 -
413 2128 555 2214 Semper
577 2127 698 2195 censui
712 2149 787 2196 esse
803 2126 1041 2196 remittendam
1057 2147 1175 2192 curam
1189 2127 1414 2210 parochorum
1428 2134 1464 2192 et
1484 2124 1569 2192 188

345 2242 547 2311 electionem
568 2245 612 2311 ad
631 2242 838 2330 episcopum.
864 2244 937 2310 Nos
958 2253 1073 2311 tamen
1093 2262 1163 2308 non
1183 2241 1309 2308 debere
1329 2238 1509 2327 negligere
1531 2250 1570 2306 vt

348 2357 527 2426 utilitatem
543 2357 689 2444 aliquam
704 2360 903 2426 afferremus
918 2356 1096 2424 animabus
1108 2353 1173 2421 illis
1184 2376 1245 2441 per
1260 2353 1520 2423 concionatores
1535 2366 1570 2422 et

345 2472 493 2559 aliquem
508 2473 689 2558 probatum
703 2473 962 2553 confessarium,
980 2480 1046 2539 etc.

413 2587 533 2655 Visum
561 2599 614 2656 est
633 2587 875 2668 necessarium,
897 2587 954 2672 qui
971 2587 1052 2654 illuc
1072 2595 1154 2653 sunt
1169 2583 1325 2652 mittendi
1345 2606 1387 2652 ac
1402 2583 1566 2665 mansuri,

347 2714 385 2769 vt
399 2703 468 2771 sint
487 2701 727 2790 probatissimi,
745 2711 883 2788 propter
905 2700 1123 2768 solitudinem
1138 2699 1203 2767 loci
1220 2710 1255 2768 et
1276 2699 1482 2786 paucitatem
1504 2721 1568 2766 no·

346 2829 507 2900 strorum,
525 2829 591 2885 etc.
611 2819 636 2884 ³.

415 2996 502 3063 tall
798 3013 1047 3074 praecanam,
1079 2997 1125 3059 2.⁰

413 3167 494 3233 Non
509 3165 643 3251 egimus
658 3166 703 3233 de
718 3163 917 3233 fundatione
929 3162 1077 3251 collegij‚
1093 3165 1184 3250 quod
1196 3165 1330 3232 abesset
1342 3161 1570 3248 archiepisco·

346 3302 424 3367 pus,
443 3281 615 3366 profectus
630 3279 832 3348 Tridentum
847 3281 891 3346 ad
902 3278 1095 3346 concilium.
1109 3280 1240 3345 Tamen
1252 3279 1386 3365 egimus
1397 3279 1441 3344 de
1452 3299 1569 3346 ernen-

345 3393 574 3463 disuomibus
590 3417 610 3462 e
625 3395 766 3483 regione
781 3394 931 3482 collegij,
945 3404 981 3464 et
996 3394 1126 3462 dictum
1137 3404 1190 3463 est
1206 3405 1243 3460 vt
1254 3393 1398 3461 ecclesia
1408 3413 1516 3478 capax
1527 3415 1571 3461 ex

344 3513 454 3580 altera
468 3521 564 3598 parte
579 3509 645 3578 vici
658 3509 866 3579 aedificetur.
886 3510 965 3578 Alia
976 3521 1058 3578 sunt
1072 3509 1291 3598 praescripta,
1305 3519 1371 3577 etc.
1387 3511 1515 3576 Actum
1527 3508 1570 3574 de

346 3626 445 3694 bonis
462 3630 502 3694 P.
520 3627 590 3694 don
606 3626 740 3714 Ignatii,
758 3637 795 3696 et
813 3625 912 3713 coepi
932 3625 1127 3708 concilium,
1149 3625 1242 3710 quod
1261 3633 1377 3711 posset
1396 3644 1476 3709 pars
1506 3621 1570 3690 ali·

344 3765 414 3828 qua
429 3745 570 3810 Romam
596 3742 695 3810 mitti.
718 3741 724 3830 Ι
744 3742 946 3810 Habebatur
959 3740 1016 3808 hic
1042 3739 1144 3809 lectio
1171 3761 1312 3807 casuum
1338 3737 1569 3807 conscientiae

345 3879 425 3924 cum
452 3859 566 3925 fructu
593 3871 627 3926 et
653 3856 817 3926 exercitio
847 3858 891 3924 ad
917 3855 1166 3942 simplicitatem
1194 3853 1404 3922 audientium
1431 3874 1569 3922 accom-

345 3973 495 4040 modato.

413 4153 505 4220 tcto
807 4173 854 4219 nu
872 4169 1032 4232 rourum,
1052 4153 1098 4216 2.⁰

412 4323 600 4392 Residuum
621 4298 824 4390 visitationis
842 4318 986 4387 absolui.
1004 4319 1134 4388 Audiui
1154 4318 1398 4402 consessiones,
1418 4329 1484 4387 etc.
1500 4320 1570 4385 Re·

401 4515 409 4547 ¹
447 4511 687 4584 Ms.‚polliciler.

398 4605 409 4634 ¹
447 4601 701 4672 Ms.,conquaerj.

399 4689 411 4720 ³
448 4686 762 4759 Nilscriptuminfol.
780 4687 830 4744 138
848 4706 880 4754 g.
