<?xml version="1.0" encoding="UTF-8"?>
<!DOCTYPE html PUBLIC "-//W3C//DTD XHTML 1.0 Transitional//EN"
    "http://www.w3.org/TR/xhtml1/DTD/xhtml1-transitional.dtd">
<html xmlns="http://www.w3.org/1999/xhtml" xml:lang="en" lang="en">
 <head>
  <title>
</title>
<meta http-equiv="Content-Type" content="text/html;charset=utf-8" />
  <meta name='ocr-system' content='tesseract 3.04.00' />
  <meta name='ocr-capabilities' content='ocr_page ocr_carea ocr_par ocr_line ocrx_word'/>
</head>
<body>
  <div class='ocr_page' id='page_1' title='image "./epistolaephiero00nadagoog_0206.png"; bbox 0 0 3526 5380; ppageno 0'>
   <div class='ocr_carea' id='block_1_1' title="bbox 678 409 990 480">
    <p class='ocr_par' dir='ltr' id='par_1_1' title="bbox 678 409 990 480">
     <span class='ocr_line' id='line_1_1' title="bbox 678 409 990 480; baseline 0.013 -18"><span class='ocrx_word' id='word_1_1' title='bbox 678 423 696 478; x_wconf 87' lang='lat'>9</span> <span class='ocrx_word' id='word_1_2' title='bbox 715 409 900 466; x_wconf 81' lang='lat' dir='ltr'>Dscuuurus</span> <span class='ocrx_word' id='word_1_3' title='bbox 921 410 990 480; x_wconf 84' lang='lat'>1562</span> 
     </span>
    </p>
   </div>
   <div class='ocr_carea' id='block_1_2' title="bbox 621 668 1070 860">
    <p class='ocr_par' dir='ltr' id='par_1_2' title="bbox 621 668 1070 860">
     <span class='ocr_line' id='line_1_2' title="bbox 791 668 884 730; baseline 0.011 -1"><span class='ocrx_word' id='word_1_4' title='bbox 791 668 884 730; x_wconf 61' lang='lat' dir='ltr'>Mi)</span> 
     </span>
     <span class='ocr_line' id='line_1_3' title="bbox 621 799 1070 860; baseline 0.004 -4"><span class='ocrx_word' id='word_1_5' title='bbox 621 799 842 860; x_wconf 86' lang='lat' dir='ltr'>DOMlNlCUS</span> <span class='ocrx_word' id='word_1_6' title='bbox 862 801 1070 860; x_wconf 88' lang='lat' dir='ltr'><strong>MENGINUS</strong></span> 
     </span>
    </p>
   </div>
   <div class='ocr_carea' id='block_1_3' title="bbox 512 928 1147 996">
    <p class='ocr_par' dir='ltr' id='par_1_3' title="bbox 512 928 1147 996">
     <span class='ocr_line' id='line_1_4' title="bbox 512 928 1147 996; baseline 0.002 -3"><span class='ocrx_word' id='word_1_7' title='bbox 512 928 651 994; x_wconf 88' lang='lat' dir='ltr'><strong>PATRI</strong></span> <span class='ocrx_word' id='word_1_8' title='bbox 675 928 958 996; x_wconf 88' lang='lat' dir='ltr'>HIERONYMO</span> <span class='ocrx_word' id='word_1_9' title='bbox 982 928 1147 995; x_wconf 86' lang='lat' dir='ltr'><strong>NADAL</strong></span> 
     </span>
    </p>
   </div>
   <div class='ocr_carea' id='block_1_4' title="bbox 563 1067 1093 1139">
    <p class='ocr_par' dir='ltr' id='par_1_4' title="bbox 563 1067 1093 1139">
     <span class='ocr_line' id='line_1_5' title="bbox 563 1067 1093 1139; baseline 0.002 -18"><span class='ocrx_word' id='word_1_10' title='bbox 563 1079 729 1139; x_wconf 65' lang='lat' dir='ltr'>uouemus,</span> <span class='ocrx_word' id='word_1_11' title='bbox 748 1083 766 1138; x_wconf 91' lang='lat'>9</span> <span class='ocrx_word' id='word_1_12' title='bbox 784 1079 961 1123; x_wconf 80' lang='lat' dir='ltr'>oncnuerus</span> <span class='ocrx_word' id='word_1_13' title='bbox 983 1067 1051 1138; x_wconf 83' lang='lat'>1562</span> <span class='ocrx_word' id='word_1_14' title='bbox 1073 1071 1093 1122; x_wconf 84' lang='lat'>¹.</span> 
     </span>
    </p>
   </div>
   <div class='ocr_carea' id='block_1_5' title="bbox 256 1189 1441 1354">
    <p class='ocr_par' dir='ltr' id='par_1_5' title="bbox 256 1189 1441 1354">
     <span class='ocr_line' id='line_1_6' title="bbox 256 1189 1441 1266; baseline 0.007 -24"><span class='ocrx_word' id='word_1_15' title='bbox 256 1200 274 1242; x_wconf 92' lang='lat'>1.</span> <span class='ocrx_word' id='word_1_16' title='bbox 284 1189 613 1264; x_wconf 69' lang='lat' dir='ltr'>Monacbiemesflagallo</span> <span class='ocrx_word' id='word_1_17' title='bbox 626 1193 718 1263; x_wconf 78' lang='lat' dir='ltr'>pestis</span> <span class='ocrx_word' id='word_1_18' title='bbox 734 1193 776 1246; x_wconf 82' lang='lat' dir='ltr'>od</span> <span class='ocrx_word' id='word_1_19' title='bbox 796 1193 952 1247; x_wconf 79' lang='lat' dir='ltr'>meliorem</span> <span class='ocrx_word' id='word_1_20' title='bbox 965 1189 1095 1266; x_wconf 83' lang='lat' dir='ltr'>frugem</span> <span class='ocrx_word' id='word_1_21' title='bbox 1115 1193 1310 1250; x_wconf 61' lang='lat' dir='ltr'>reducti-2.</span> <span class='ocrx_word' id='word_1_22' title='bbox 1332 1191 1441 1250; x_wconf 80' lang='lat' dir='ltr'>Conta-</span> 
     </span>
     <span class='ocr_line' id='line_1_7' title="bbox 344 1281 1316 1354; baseline 0.004 -18"><span class='ocrx_word' id='word_1_23' title='bbox 344 1281 438 1354; x_wconf 79' lang='lat' dir='ltr'>gionis</span> <span class='ocrx_word' id='word_1_24' title='bbox 447 1281 494 1336; x_wconf 80' lang='lat' dir='ltr'>m&#39;s</span> <span class='ocrx_word' id='word_1_25' title='bbox 502 1281 655 1336; x_wconf 73' lang='lat' dir='ltr'><strong><em>remittere</em></strong></span> <span class='ocrx_word' id='word_1_26' title='bbox 665 1281 833 1336; x_wconf 49' lang='lat' dir='ltr'>adstare</span> <span class='ocrx_word' id='word_1_27' title='bbox 836 1295 862 1350; x_wconf 82' lang='lat'>3.</span> <span class='ocrx_word' id='word_1_28' title='bbox 874 1281 910 1334; x_wconf 82' lang='lat' dir='ltr'>In</span> <span class='ocrx_word' id='word_1_29' title='bbox 919 1281 1045 1354; x_wconf 78' lang='lat' dir='ltr'>collegio</span> <span class='ocrx_word' id='word_1_30' title='bbox 1058 1297 1105 1336; x_wconf 80' lang='lat' dir='ltr'>res</span> <span class='ocrx_word' id='word_1_31' title='bbox 1115 1281 1185 1336; x_wconf 78' lang='lat' dir='ltr'>tem</span> <span class='ocrx_word' id='word_1_32' title='bbox 1195 1283 1316 1340; x_wconf 80' lang='lat' dir='ltr'>cedunt.</span> 
     </span>
    </p>
   </div>
   <div class='ocr_carea' id='block_1_6' title="bbox 196 1405 1440 3762">
    <p class='ocr_par' dir='ltr' id='par_1_6' title="bbox 795 1405 864 1527">
     <span class='ocr_line' id='line_1_8' title="bbox 817 1405 835 1458; baseline 0 0"><span class='ocrx_word' id='word_1_33' title='bbox 817 1405 835 1458; x_wconf 84' lang='lat' dir='ltr'>l·</span> 
     </span>
     <span class='ocr_line' id='line_1_9' title="bbox 795 1461 864 1527; baseline 0.014 -1"><span class='ocrx_word' id='word_1_34' title='bbox 795 1461 864 1527; x_wconf 79' lang='lat' dir='ltr'>ihs,</span> 
     </span>
    </p>

    <p class='ocr_par' dir='ltr' id='par_1_7' title="bbox 213 1601 1440 2840">
     <span class='ocr_line' id='line_1_10' title="bbox 296 1601 1438 1690; baseline 0.002 -23"><span class='ocrx_word' id='word_1_35' title='bbox 296 1619 321 1667; x_wconf 88' lang='lat'>1.</span> <span class='ocrx_word' id='word_1_36' title='bbox 363 1601 482 1669; x_wconf 88' lang='lat' dir='ltr'><strong>Gratia</strong></span> <span class='ocrx_word' id='word_1_37' title='bbox 506 1612 542 1670; x_wconf 89' lang='lat' dir='ltr'>et</span> <span class='ocrx_word' id='word_1_38' title='bbox 565 1624 630 1688; x_wconf 87' lang='lat' dir='ltr'>pax</span> <span class='ocrx_word' id='word_1_39' title='bbox 660 1605 744 1690; x_wconf 88' lang='lat' dir='ltr'>Jesu</span> <span class='ocrx_word' id='word_1_40' title='bbox 767 1601 894 1669; x_wconf 84' lang='lat' dir='ltr'><strong>Christi</strong></span> <span class='ocrx_word' id='word_1_41' title='bbox 918 1602 1097 1669; x_wconf 86' lang='lat' dir='ltr'>nobiscum</span> <span class='ocrx_word' id='word_1_42' title='bbox 1121 1624 1266 1690; x_wconf 82' lang='lat' dir='ltr'><strong>semper.</strong></span> <span class='ocrx_word' id='word_1_43' title='bbox 1290 1601 1372 1670; x_wconf 81' lang='lat' dir='ltr'>R.de</span> <span class='ocrx_word' id='word_1_44' title='bbox 1402 1601 1438 1669; x_wconf 93' lang='lat' dir='ltr'>in</span> 
     </span>
     <span class='ocr_line' id='line_1_11' title="bbox 236 1715 1435 1804; baseline 0.003 -23"><span class='ocrx_word' id='word_1_45' title='bbox 236 1715 354 1782; x_wconf 84' lang='lat' dir='ltr'>Christo</span> <span class='ocrx_word' id='word_1_46' title='bbox 371 1719 483 1785; x_wconf 88' lang='lat' dir='ltr'>Pater.</span> <span class='ocrx_word' id='word_1_47' title='bbox 503 1717 788 1804; x_wconf 82' lang='lat' dir='ltr'>Quandoquidem</span> <span class='ocrx_word' id='word_1_48' title='bbox 806 1716 931 1804; x_wconf 86' lang='lat' dir='ltr'>placuit</span> <span class='ocrx_word' id='word_1_49' title='bbox 952 1718 1039 1784; x_wconf 92' lang='lat' dir='ltr'>Rdo.</span> <span class='ocrx_word' id='word_1_50' title='bbox 1064 1717 1158 1784; x_wconf 89' lang='lat' dir='ltr'>Patri</span> <span class='ocrx_word' id='word_1_51' title='bbox 1178 1716 1377 1803; x_wconf 87' lang='lat' dir='ltr'>prouinciali</span> <span class='ocrx_word' id='word_1_52' title='bbox 1398 1728 1435 1786; x_wconf 93' lang='lat' dir='ltr'>ut</span> 
     </span>
     <span class='ocr_line' id='line_1_12' title="bbox 235 1831 1440 1918; baseline 0.003 -22"><span class='ocrx_word' id='word_1_53' title='bbox 235 1831 362 1899; x_wconf 87' lang='lat' dir='ltr'>subinde</span> <span class='ocrx_word' id='word_1_54' title='bbox 376 1831 477 1900; x_wconf 61' lang='lat' dir='ltr'>Reae</span> <span class='ocrx_word' id='word_1_55' title='bbox 499 1832 699 1902; x_wconf 86' lang='lat' dir='ltr'>Paternitati</span> <span class='ocrx_word' id='word_1_56' title='bbox 728 1841 808 1901; x_wconf 89' lang='lat' dir='ltr'>tuae</span> <span class='ocrx_word' id='word_1_57' title='bbox 834 1834 877 1900; x_wconf 91' lang='lat' dir='ltr'>de</span> <span class='ocrx_word' id='word_1_58' title='bbox 903 1833 1154 1900; x_wconf 87' lang='lat' dir='ltr'>monachiensis</span> <span class='ocrx_word' id='word_1_59' title='bbox 1185 1832 1321 1918; x_wconf 85' lang='lat' dir='ltr'>collegii</span> <span class='ocrx_word' id='word_1_60' title='bbox 1347 1843 1440 1900; x_wconf 86' lang='lat' dir='ltr'>statu</span> 
     </span>
     <span class='ocr_line' id='line_1_13' title="bbox 235 1945 1438 2034; baseline 0.003 -22"><span class='ocrx_word' id='word_1_61' title='bbox 235 1945 411 2028; x_wconf 74' lang='lat' dir='ltr'>aeriberem,</span> <span class='ocrx_word' id='word_1_62' title='bbox 429 1946 465 2014; x_wconf 91' lang='lat' dir='ltr'>id</span> <span class='ocrx_word' id='word_1_63' title='bbox 480 1947 693 2018; x_wconf 85' lang='lat' dir='ltr'>obedientiae</span> <span class='ocrx_word' id='word_1_64' title='bbox 705 1969 830 2016; x_wconf 91' lang='lat' dir='ltr'>munus</span> <span class='ocrx_word' id='word_1_65' title='bbox 842 1949 934 2015; x_wconf 91' lang='lat' dir='ltr'>haud</span> <span class='ocrx_word' id='word_1_66' title='bbox 950 1946 1030 2015; x_wconf 90' lang='lat' dir='ltr'>mihi</span> <span class='ocrx_word' id='word_1_67' title='bbox 1057 1969 1164 2034; x_wconf 84' lang='lat' dir='ltr'>graue</span> <span class='ocrx_word' id='word_1_68' title='bbox 1179 1970 1256 2016; x_wconf 88' lang='lat' dir='ltr'>esse</span> <span class='ocrx_word' id='word_1_69' title='bbox 1270 1945 1438 2016; x_wconf 87' lang='lat' dir='ltr'>existima·</span> 
     </span>
     <span class='ocr_line' id='line_1_14' title="bbox 235 2059 1438 2150; baseline 0.001 -24"><span class='ocrx_word' id='word_1_70' title='bbox 235 2059 272 2140; x_wconf 92' lang='lat' dir='ltr'>ui,</span> <span class='ocrx_word' id='word_1_71' title='bbox 285 2063 369 2147; x_wconf 94' lang='lat' dir='ltr'>quod</span> <span class='ocrx_word' id='word_1_72' title='bbox 385 2062 450 2149; x_wconf 87' lang='lat' dir='ltr'>ipsi</span> <span class='ocrx_word' id='word_1_73' title='bbox 466 2084 521 2130; x_wconf 88' lang='lat' dir='ltr'>me</span> <span class='ocrx_word' id='word_1_74' title='bbox 537 2073 645 2129; x_wconf 89' lang='lat' dir='ltr'>totum</span> <span class='ocrx_word' id='word_1_75' title='bbox 661 2064 811 2132; x_wconf 89' lang='lat' dir='ltr'>debeam.</span> <span class='ocrx_word' id='word_1_76' title='bbox 830 2065 947 2147; x_wconf 91' lang='lat' dir='ltr'>ltaque</span> <span class='ocrx_word' id='word_1_77' title='bbox 962 2085 1081 2150; x_wconf 83' lang='lat' dir='ltr'>omnes</span> <span class='ocrx_word' id='word_1_78' title='bbox 1098 2062 1251 2150; x_wconf 89' lang='lat' dir='ltr'>(Christo</span> <span class='ocrx_word' id='word_1_79' title='bbox 1262 2063 1360 2148; x_wconf 89' lang='lat' dir='ltr'>laus),</span> <span class='ocrx_word' id='word_1_80' title='bbox 1379 2061 1438 2147; x_wconf 92' lang='lat' dir='ltr'>qui</span> 
     </span>
     <span class='ocr_line' id='line_1_15' title="bbox 231 2175 1436 2266; baseline 0.002 -25"><span class='ocrx_word' id='word_1_81' title='bbox 231 2175 336 2244; x_wconf 91' lang='lat' dir='ltr'>inhoc</span> <span class='ocrx_word' id='word_1_82' title='bbox 354 2178 503 2266; x_wconf 86' lang='lat' dir='ltr'>collegio</span> <span class='ocrx_word' id='word_1_83' title='bbox 531 2178 638 2246; x_wconf 80' lang='lat' dir='ltr'><strong>relicti</strong></span> <span class='ocrx_word' id='word_1_84' title='bbox 658 2200 793 2258; x_wconf 77' lang='lat' dir='ltr'>sumuS,</span> <span class='ocrx_word' id='word_1_85' title='bbox 822 2190 891 2247; x_wconf 90' lang='lat' dir='ltr'>tres</span> <span class='ocrx_word' id='word_1_86' title='bbox 918 2177 1076 2246; x_wconf 88' lang='lat' dir='ltr'>videlicet</span> <span class='ocrx_word' id='word_1_87' title='bbox 1102 2178 1296 2247; x_wconf 87' lang='lat' dir='ltr'>sacerdotes</span> <span class='ocrx_word' id='word_1_88' title='bbox 1317 2178 1328 2211; x_wconf 85' lang='lat'><strong>¹</strong></span> <span class='ocrx_word' id='word_1_89' title='bbox 1358 2197 1436 2244; x_wconf 89' lang='lat' dir='ltr'>cum</span> 
     </span>
     <span class='ocr_line' id='line_1_16' title="bbox 229 2291 1437 2380; baseline 0.002 -24"><span class='ocrx_word' id='word_1_90' title='bbox 229 2291 348 2360; x_wconf 90' lang='lat' dir='ltr'>duobus</span> <span class='ocrx_word' id='word_1_91' title='bbox 367 2292 635 2374; x_wconf 87' lang='lat' dir='ltr'>coadiutoribus‚</span> <span class='ocrx_word' id='word_1_92' title='bbox 657 2315 817 2380; x_wconf 89' lang='lat' dir='ltr'>prospera</span> <span class='ocrx_word' id='word_1_93' title='bbox 838 2292 981 2358; x_wconf 87' lang='lat' dir='ltr'>fruimur</span> <span class='ocrx_word' id='word_1_94' title='bbox 1002 2293 1210 2372; x_wconf 86' lang='lat' dir='ltr'>ualetudine,</span> <span class='ocrx_word' id='word_1_95' title='bbox 1233 2292 1382 2377; x_wconf 90' lang='lat' dir='ltr'>laetique</span> <span class='ocrx_word' id='word_1_96' title='bbox 1401 2291 1437 2358; x_wconf 94' lang='lat' dir='ltr'>in</span> 
     </span>
     <span class='ocr_line' id='line_1_17' title="bbox 226 2405 1435 2494; baseline 0.003 -22"><span class='ocrx_word' id='word_1_97' title='bbox 226 2405 358 2475; x_wconf 90' lang='lat' dir='ltr'>Domino</span> <span class='ocrx_word' id='word_1_98' title='bbox 373 2411 467 2489; x_wconf 91' lang='lat' dir='ltr'>De0,</span> <span class='ocrx_word' id='word_1_99' title='bbox 485 2431 555 2474; x_wconf 92' lang='lat' dir='ltr'>non</span> <span class='ocrx_word' id='word_1_100' title='bbox 566 2407 663 2476; x_wconf 89' lang='lat' dir='ltr'>aliter</span> <span class='ocrx_word' id='word_1_101' title='bbox 679 2429 780 2494; x_wconf 93' lang='lat' dir='ltr'>quam</span> <span class='ocrx_word' id='word_1_102' title='bbox 792 2408 829 2474; x_wconf 94' lang='lat' dir='ltr'>in</span> <span class='ocrx_word' id='word_1_103' title='bbox 846 2409 987 2475; x_wconf 79' lang='lat' dir='ltr'>fratrum</span> <span class='ocrx_word' id='word_1_104' title='bbox 1003 2407 1211 2494; x_wconf 84' lang='lat' dir='ltr'>praesentia,</span> <span class='ocrx_word' id='word_1_105' title='bbox 1230 2429 1361 2488; x_wconf 88' lang='lat' dir='ltr'>sumus,</span> <span class='ocrx_word' id='word_1_106' title='bbox 1380 2430 1435 2476; x_wconf 88' lang='lat' dir='ltr'>sa·</span> 
     </span>
     <span class='ocr_line' id='line_1_18' title="bbox 224 2523 1435 2610; baseline 0.003 -24"><span class='ocrx_word' id='word_1_107' title='bbox 224 2541 304 2589; x_wconf 88' lang='lat' dir='ltr'>crarn</span> <span class='ocrx_word' id='word_1_108' title='bbox 317 2523 444 2592; x_wconf 85' lang='lat' dir='ltr'>Christi</span> <span class='ocrx_word' id='word_1_109' title='bbox 459 2535 679 2610; x_wconf 80' lang='lat' dir='ltr'>expectantes</span> <span class='ocrx_word' id='word_1_110' title='bbox 695 2523 930 2604; x_wconf 86' lang='lat' dir='ltr'>Natiuitatem‚</span> <span class='ocrx_word' id='word_1_111' title='bbox 948 2545 1049 2610; x_wconf 89' lang='lat' dir='ltr'>quam</span> <span class='ocrx_word' id='word_1_112' title='bbox 1065 2524 1228 2610; x_wconf 91' lang='lat' dir='ltr'>populum</span> <span class='ocrx_word' id='word_1_113' title='bbox 1245 2527 1338 2590; x_wconf 91' lang='lat' dir='ltr'>hunc</span> <span class='ocrx_word' id='word_1_114' title='bbox 1361 2545 1435 2591; x_wconf 91' lang='lat' dir='ltr'>mo-</span> 
     </span>
     <span class='ocr_line' id='line_1_19' title="bbox 220 2636 1433 2726; baseline 0.002 -23"><span class='ocrx_word' id='word_1_115' title='bbox 220 2636 429 2707; x_wconf 83' lang='lat' dir='ltr'>nachiensem</span> <span class='ocrx_word' id='word_1_116' title='bbox 456 2662 477 2706; x_wconf 92' lang='lat' dir='ltr'>a</span> <span class='ocrx_word' id='word_1_117' title='bbox 496 2639 620 2708; x_wconf 88' lang='lat' dir='ltr'>misera</span> <span class='ocrx_word' id='word_1_118' title='bbox 645 2639 751 2725; x_wconf 88' lang='lat' dir='ltr'>pestis</span> <span class='ocrx_word' id='word_1_119' title='bbox 770 2639 937 2706; x_wconf 87' lang='lat' dir='ltr'>seruitute</span> <span class='ocrx_word' id='word_1_120' title='bbox 951 2638 1168 2706; x_wconf 79' lang='lat' dir='ltr'>liberaturum</span> <span class='ocrx_word' id='word_1_121' title='bbox 1190 2660 1377 2726; x_wconf 88' lang='lat' dir='ltr'>speramus.</span> <span class='ocrx_word' id='word_1_122' title='bbox 1400 2639 1433 2706; x_wconf 89' lang='lat' dir='ltr'>Is</span> 
     </span>
     <span class='ocr_line' id='line_1_20' title="bbox 213 2753 1432 2840; baseline 0.001 -21"><span class='ocrx_word' id='word_1_123' title='bbox 213 2753 335 2820; x_wconf 88' lang='lat' dir='ltr'>etenim</span> <span class='ocrx_word' id='word_1_124' title='bbox 351 2765 421 2820; x_wconf 87' lang='lat' dir='ltr'>tarn</span> <span class='ocrx_word' id='word_1_125' title='bbox 436 2754 541 2840; x_wconf 84' lang='lat' dir='ltr'>longo</span> <span class='ocrx_word' id='word_1_126' title='bbox 558 2764 709 2840; x_wconf 89' lang='lat' dir='ltr'>tempore</span> <span class='ocrx_word' id='word_1_127' title='bbox 725 2753 849 2820; x_wconf 91' lang='lat' dir='ltr'>diuinis</span> <span class='ocrx_word' id='word_1_128' title='bbox 865 2753 1053 2840; x_wconf 84' lang='lat' dir='ltr'>castigatus</span> <span class='ocrx_word' id='word_1_129' title='bbox 1069 2753 1225 2840; x_wconf 86' lang='lat' dir='ltr'>flagellis,</span> <span class='ocrx_word' id='word_1_130' title='bbox 1244 2753 1287 2820; x_wconf 85' lang='lat' dir='ltr'>ad</span> <span class='ocrx_word' id='word_1_131' title='bbox 1299 2754 1432 2821; x_wconf 85' lang='lat' dir='ltr'>caelum</span> 
     </span>
    </p>

    <p class='ocr_par' dir='ltr' id='par_1_8' title="bbox 196 2867 1432 3762">
     <span class='ocr_line' id='line_1_21' title="bbox 206 2867 1431 2958; baseline 0.001 -23"><span class='ocrx_word' id='word_1_132' title='bbox 206 2889 268 2956; x_wconf 90' lang='lat' dir='ltr'>pro</span> <span class='ocrx_word' id='word_1_133' title='bbox 282 2867 471 2936; x_wconf 90' lang='lat' dir='ltr'>obtinenda</span> <span class='ocrx_word' id='word_1_134' title='bbox 490 2867 720 2937; x_wconf 86' lang='lat' dir='ltr'>misericordia</span> <span class='ocrx_word' id='word_1_135' title='bbox 735 2870 895 2950; x_wconf 90' lang='lat' dir='ltr'>clamare,</span> <span class='ocrx_word' id='word_1_136' title='bbox 919 2889 1091 2955; x_wconf 90' lang='lat' dir='ltr'>purasque</span> <span class='ocrx_word' id='word_1_137' title='bbox 1111 2889 1237 2958; x_wconf 82' lang='lat' dir='ltr'>manus</span> <span class='ocrx_word' id='word_1_138' title='bbox 1255 2869 1298 2936; x_wconf 87' lang='lat' dir='ltr'>ad</span> <span class='ocrx_word' id='word_1_139' title='bbox 1318 2872 1431 2937; x_wconf 89' lang='lat' dir='ltr'>Deum</span> 
     </span>
     <span class='ocr_line' id='line_1_22' title="bbox 200 2982 1432 3068; baseline 0 -16"><span class='ocrx_word' id='word_1_140' title='bbox 200 2985 325 3054; x_wconf 83' lang='lat' dir='ltr'>leuare</span> <span class='ocrx_word' id='word_1_141' title='bbox 347 3005 417 3051; x_wconf 93' lang='lat' dir='ltr'>non</span> <span class='ocrx_word' id='word_1_142' title='bbox 435 2993 556 3052; x_wconf 88' lang='lat' dir='ltr'>cessat.</span> <span class='ocrx_word' id='word_1_143' title='bbox 584 2983 675 3050; x_wconf 91' lang='lat' dir='ltr'>Hinc</span> <span class='ocrx_word' id='word_1_144' title='bbox 695 3005 797 3068; x_wconf 91' lang='lat' dir='ltr'>quam</span> <span class='ocrx_word' id='word_1_145' title='bbox 817 2983 909 3050; x_wconf 85' lang='lat' dir='ltr'>utilis</span> <span class='ocrx_word' id='word_1_146' title='bbox 921 2993 955 3052; x_wconf 91' lang='lat' dir='ltr'>et</span> <span class='ocrx_word' id='word_1_147' title='bbox 969 2994 1088 3050; x_wconf 86' lang='lat' dir='ltr'>sancta</span> <span class='ocrx_word' id='word_1_148' title='bbox 1109 2984 1153 3050; x_wconf 91' lang='lat' dir='ltr'>sit</span> <span class='ocrx_word' id='word_1_149' title='bbox 1173 2985 1259 3052; x_wconf 88' lang='lat' dir='ltr'>haec</span> <span class='ocrx_word' id='word_1_150' title='bbox 1281 2982 1432 3052; x_wconf 87' lang='lat' dir='ltr'>uisitatio</span> 
     </span>
     <span class='ocr_line' id='line_1_23' title="bbox 198 3098 1432 3184; baseline 0 -16"><span class='ocrx_word' id='word_1_151' title='bbox 198 3101 307 3168; x_wconf 90' lang='lat' dir='ltr'>modo</span> <span class='ocrx_word' id='word_1_152' title='bbox 329 3099 447 3168; x_wconf 86' lang='lat' dir='ltr'>uidere</span> <span class='ocrx_word' id='word_1_153' title='bbox 467 3099 558 3168; x_wconf 89' lang='lat' dir='ltr'>licet.</span> <span class='ocrx_word' id='word_1_154' title='bbox 581 3098 674 3167; x_wconf 88' lang='lat' dir='ltr'>Olim</span> <span class='ocrx_word' id='word_1_155' title='bbox 694 3099 860 3184; x_wconf 88' lang='lat' dir='ltr'>siquidem</span> <span class='ocrx_word' id='word_1_156' title='bbox 881 3099 1140 3175; x_wconf 85' lang='lat' dir='ltr'>monachienses</span> <span class='ocrx_word' id='word_1_157' title='bbox 1166 3120 1229 3165; x_wconf 89' lang='lat' dir='ltr'>sua</span> <span class='ocrx_word' id='word_1_158' title='bbox 1256 3099 1369 3166; x_wconf 89' lang='lat' dir='ltr'>studia</span> <span class='ocrx_word' id='word_1_159' title='bbox 1395 3099 1432 3168; x_wconf 92' lang='lat' dir='ltr'>in</span> 
     </span>
     <span class='ocr_line' id='line_1_24' title="bbox 196 3213 1432 3301; baseline 0 -19"><span class='ocrx_word' id='word_1_160' title='bbox 196 3215 325 3282; x_wconf 90' lang='lat' dir='ltr'>mundi</span> <span class='ocrx_word' id='word_1_161' title='bbox 341 3215 445 3281; x_wconf 88' lang='lat' dir='ltr'>huius</span> <span class='ocrx_word' id='word_1_162' title='bbox 460 3214 694 3301; x_wconf 89' lang='lat' dir='ltr'>uoluptatibus</span> <span class='ocrx_word' id='word_1_163' title='bbox 710 3213 887 3300; x_wconf 87' lang='lat' dir='ltr'>carnisque</span> <span class='ocrx_word' id='word_1_164' title='bbox 908 3213 1037 3281; x_wconf 87' lang='lat' dir='ltr'>deliciis</span> <span class='ocrx_word' id='word_1_165' title='bbox 1053 3213 1319 3282; x_wconf 89' lang='lat' dir='ltr'>constituebant.</span> <span class='ocrx_word' id='word_1_166' title='bbox 1339 3213 1432 3283; x_wconf 87' lang='lat' dir='ltr'>Olim</span> 
     </span>
     <span class='ocr_line' id='line_1_25' title="bbox 197 3329 1432 3417; baseline -0.001 -18"><span class='ocrx_word' id='word_1_167' title='bbox 197 3331 257 3399; x_wconf 88' lang='lat' dir='ltr'>bic</span> <span class='ocrx_word' id='word_1_168' title='bbox 274 3329 386 3400; x_wconf 89' lang='lat' dir='ltr'>veluti</span> <span class='ocrx_word' id='word_1_169' title='bbox 398 3352 459 3417; x_wconf 91' lang='lat' dir='ltr'>pro</span> <span class='ocrx_word' id='word_1_170' title='bbox 474 3330 601 3396; x_wconf 90' lang='lat' dir='ltr'>virtute</span> <span class='ocrx_word' id='word_1_171' title='bbox 616 3351 749 3396; x_wconf 90' lang='lat' dir='ltr'>summa</span> <span class='ocrx_word' id='word_1_172' title='bbox 766 3329 1008 3397; x_wconf 88' lang='lat' dir='ltr'>scommatibus</span> <span class='ocrx_word' id='word_1_173' title='bbox 1029 3329 1123 3396; x_wconf 82' lang='lat' dir='ltr'>falsis</span> <span class='ocrx_word' id='word_1_174' title='bbox 1144 3329 1235 3396; x_wconf 89' lang='lat' dir='ltr'>uiros</span> <span class='ocrx_word' id='word_1_175' title='bbox 1255 3329 1432 3416; x_wconf 81' lang='lat' dir='ltr'>religiosos</span> 
     </span>
     <span class='ocr_line' id='line_1_26' title="bbox 197 3441 1430 3534; baseline -0.002 -19"><span class='ocrx_word' id='word_1_176' title='bbox 197 3469 238 3515; x_wconf 90' lang='lat' dir='ltr'>ac</span> <span class='ocrx_word' id='word_1_177' title='bbox 250 3445 424 3512; x_wconf 88' lang='lat' dir='ltr'>virtutum</span> <span class='ocrx_word' id='word_1_178' title='bbox 436 3444 607 3513; x_wconf 87' lang='lat' dir='ltr'>studiosos</span> <span class='ocrx_word' id='word_1_179' title='bbox 617 3446 786 3514; x_wconf 87' lang='lat' dir='ltr'>lacescere</span> <span class='ocrx_word' id='word_1_180' title='bbox 795 3441 867 3534; x_wconf 86' lang='lat' dir='ltr'>[sic]</span> <span class='ocrx_word' id='word_1_181' title='bbox 878 3447 1078 3529; x_wconf 88' lang='lat' dir='ltr'>habebatur,</span> <span class='ocrx_word' id='word_1_182' title='bbox 1092 3455 1205 3531; x_wconf 85' lang='lat' dir='ltr'>spreta</span> <span class='ocrx_word' id='word_1_183' title='bbox 1217 3445 1309 3512; x_wconf 91' lang='lat' dir='ltr'>omni</span> <span class='ocrx_word' id='word_1_184' title='bbox 1321 3444 1430 3531; x_wconf 91' lang='lat' dir='ltr'>pieta-</span> 
     </span>
     <span class='ocr_line' id='line_1_27' title="bbox 197 3559 1430 3648; baseline 0 -20"><span class='ocrx_word' id='word_1_185' title='bbox 197 3575 246 3645; x_wconf 86' lang='lat' dir='ltr'>te,</span> <span class='ocrx_word' id='word_1_186' title='bbox 266 3559 433 3645; x_wconf 88' lang='lat' dir='ltr'>omnique</span> <span class='ocrx_word' id='word_1_187' title='bbox 448 3570 642 3646; x_wconf 88' lang='lat' dir='ltr'>contempta</span> <span class='ocrx_word' id='word_1_188' title='bbox 658 3559 833 3648; x_wconf 85' lang='lat' dir='ltr'>religione.</span> <span class='ocrx_word' id='word_1_189' title='bbox 850 3562 951 3627; x_wconf 92' lang='lat' dir='ltr'>Nunc</span> <span class='ocrx_word' id='word_1_190' title='bbox 967 3581 1063 3644; x_wconf 91' lang='lat' dir='ltr'>uero,</span> <span class='ocrx_word' id='word_1_191' title='bbox 1078 3559 1216 3648; x_wconf 85' lang='lat' dir='ltr'>cognita</span> <span class='ocrx_word' id='word_1_192' title='bbox 1228 3559 1294 3628; x_wconf 91' lang='lat' dir='ltr'>Dei</span> <span class='ocrx_word' id='word_1_193' title='bbox 1309 3570 1430 3646; x_wconf 87' lang='lat' dir='ltr'>poten·</span> 
     </span>
     <span class='ocr_line' id='line_1_28' title="bbox 198 3673 1429 3762; baseline -0.003 -17"><span class='ocrx_word' id='word_1_194' title='bbox 198 3677 259 3760; x_wconf 85' lang='lat' dir='ltr'>tia,</span> <span class='ocrx_word' id='word_1_195' title='bbox 279 3674 414 3743; x_wconf 89' lang='lat' dir='ltr'>animos</span> <span class='ocrx_word' id='word_1_196' title='bbox 434 3677 565 3742; x_wconf 80' lang='lat' dir='ltr'>feroces</span> <span class='ocrx_word' id='word_1_197' title='bbox 585 3674 619 3742; x_wconf 94' lang='lat' dir='ltr'>in</span> <span class='ocrx_word' id='word_1_198' title='bbox 639 3687 835 3742; x_wconf 88' lang='lat' dir='ltr'>mansuetos</span> <span class='ocrx_word' id='word_1_199' title='bbox 854 3697 893 3742; x_wconf 91' lang='lat' dir='ltr'>ac</span> <span class='ocrx_word' id='word_1_200' title='bbox 910 3673 1088 3762; x_wconf 87' lang='lat' dir='ltr'>religiosos</span> <span class='ocrx_word' id='word_1_201' title='bbox 1104 3676 1362 3744; x_wconf 88' lang='lat' dir='ltr'>transtulerunt.</span> <span class='ocrx_word' id='word_1_202' title='bbox 1382 3675 1429 3743; x_wconf 93' lang='lat' dir='ltr'>Hi</span> 
     </span>
    </p>
   </div>
   <div class='ocr_carea' id='block_1_7' title="bbox 199 3789 1429 3992">
    <p class='ocr_par' dir='ltr' id='par_1_9' title="bbox 199 3789 1429 3992">
     <span class='ocr_line' id='line_1_29' title="bbox 199 3789 1426 3877; baseline -0.001 -18"><span class='ocrx_word' id='word_1_203' title='bbox 199 3791 371 3876; x_wconf 89' lang='lat' dir='ltr'>siquidem</span> <span class='ocrx_word' id='word_1_204' title='bbox 390 3789 548 3877; x_wconf 86' lang='lat' dir='ltr'>diligenti</span> <span class='ocrx_word' id='word_1_205' title='bbox 562 3791 676 3857; x_wconf 88' lang='lat' dir='ltr'>studio</span> <span class='ocrx_word' id='word_1_206' title='bbox 691 3789 808 3857; x_wconf 92' lang='lat' dir='ltr'>diuina</span> <span class='ocrx_word' id='word_1_207' title='bbox 828 3811 919 3857; x_wconf 92' lang='lat' dir='ltr'>nunc</span> <span class='ocrx_word' id='word_1_208' title='bbox 935 3792 1188 3876; x_wconf 86' lang='lat' dir='ltr'>amplectuntur</span> <span class='ocrx_word' id='word_1_209' title='bbox 1202 3799 1426 3858; x_wconf 85' lang='lat' dir='ltr'>sacramenta.</span> 
     </span>
     <span class='ocr_line' id='line_1_30' title="bbox 201 3904 1429 3992; baseline -0.002 -18"><span class='ocrx_word' id='word_1_210' title='bbox 201 3909 415 3992; x_wconf 89' lang='lat' dir='ltr'>Frequenter</span> <span class='ocrx_word' id='word_1_211' title='bbox 427 3907 518 3992; x_wconf 91' lang='lat' dir='ltr'>apud</span> <span class='ocrx_word' id='word_1_212' title='bbox 529 3927 604 3988; x_wconf 80' lang='lat' dir='ltr'>noe,</span> <span class='ocrx_word' id='word_1_213' title='bbox 618 3906 903 3991; x_wconf 85' lang='lat' dir='ltr'>quemadmodum</span> <span class='ocrx_word' id='word_1_214' title='bbox 916 3916 950 3974; x_wconf 89' lang='lat' dir='ltr'>et</span> <span class='ocrx_word' id='word_1_215' title='bbox 961 3905 997 3971; x_wconf 93' lang='lat' dir='ltr'>in</span> <span class='ocrx_word' id='word_1_216' title='bbox 1008 3904 1191 3992; x_wconf 86' lang='lat' dir='ltr'>parochiis,</span> <span class='ocrx_word' id='word_1_217' title='bbox 1205 3904 1429 3972; x_wconf 87' lang='lat' dir='ltr'>absolutionis</span> 
     </span>
    </p>
   </div>
   <div class='ocr_carea' id='block_1_8' title="bbox 202 4082 1426 4600">
    <p class='ocr_par' dir='ltr' id='par_1_10' title="bbox 255 4082 1236 4156">
     <span class='ocr_line' id='line_1_31' title="bbox 255 4082 1236 4156; baseline -0.001 -18"><span class='ocrx_word' id='word_1_218' title='bbox 255 4087 264 4118; x_wconf 87' lang='lat'>¹</span> <span class='ocrx_word' id='word_1_219' title='bbox 302 4083 348 4138; x_wconf 86' lang='lat' dir='ltr'>Ex</span> <span class='ocrx_word' id='word_1_220' title='bbox 361 4084 552 4156; x_wconf 80' lang='lat' dir='ltr'>autographo,</span> <span class='ocrx_word' id='word_1_221' title='bbox 566 4083 596 4138; x_wconf 94' lang='lat' dir='ltr'>in</span> <span class='ocrx_word' id='word_1_222' title='bbox 611 4082 683 4139; x_wconf 84' lang='lat' dir='ltr'>Cod.</span> <span class='ocrx_word' id='word_1_223' title='bbox 697 4098 737 4153; x_wconf 83' lang='lat'>29</span> <span class='ocrx_word' id='word_1_224' title='bbox 750 4084 790 4154; x_wconf 90' lang='lat' dir='ltr'>b),</span> <span class='ocrx_word' id='word_1_225' title='bbox 804 4082 914 4155; x_wconf 90' lang='lat' dir='ltr'>duplici</span> <span class='ocrx_word' id='word_1_226' title='bbox 928 4082 997 4153; x_wconf 78' lang='lat' dir='ltr'>iol,</span> <span class='ocrx_word' id='word_1_227' title='bbox 1011 4097 1058 4156; x_wconf 83' lang='lat'>42,</span> <span class='ocrx_word' id='word_1_228' title='bbox 1072 4083 1138 4154; x_wconf 84' lang='lat'><strong>42.¹</strong></span> <span class='ocrx_word' id='word_1_229' title='bbox 1149 4083 1236 4151; x_wconf 88' lang='lat'><strong>(108).</strong></span> 
     </span>
    </p>

    <p class='ocr_par' dir='ltr' id='par_1_11' title="bbox 202 4169 1426 4600">
     <span class='ocr_line' id='line_1_32' title="bbox 254 4169 1426 4244; baseline -0.002 -17"><span class='ocrx_word' id='word_1_230' title='bbox 254 4176 266 4207; x_wconf 79' lang='lat'><em>²</em></span> <span class='ocrx_word' id='word_1_231' title='bbox 304 4171 341 4227; x_wconf 89' lang='grc' dir='ltr'>Ρ.</span> <span class='ocrx_word' id='word_1_232' title='bbox 357 4169 494 4227; x_wconf 85' lang='lat' dir='ltr'>Canisius</span> <span class='ocrx_word' id='word_1_233' title='bbox 507 4170 538 4226; x_wconf 92' lang='lat' dir='ltr'>in</span> <span class='ocrx_word' id='word_1_234' title='bbox 551 4173 675 4244; x_wconf 87' lang='lat' dir='ltr'>epistola</span> <span class='ocrx_word' id='word_1_235' title='bbox 685 4185 719 4242; x_wconf 80' lang='lat'>24</span> <span class='ocrx_word' id='word_1_236' title='bbox 728 4171 906 4228; x_wconf 87' lang='lat' dir='ltr'>Novembris</span> <span class='ocrx_word' id='word_1_237' title='bbox 919 4171 988 4241; x_wconf 86' lang='lat'>1562</span> <span class='ocrx_word' id='word_1_238' title='bbox 998 4171 1151 4227; x_wconf 86' lang='lat' dir='ltr'>Leonardo</span> <span class='ocrx_word' id='word_1_239' title='bbox 1161 4171 1266 4227; x_wconf 86' lang='lat' dir='ltr'>Kessel</span> <span class='ocrx_word' id='word_1_240' title='bbox 1276 4169 1344 4226; x_wconf 90' lang='lat' dir='ltr'>data</span> <span class='ocrx_word' id='word_1_241' title='bbox 1353 4171 1426 4226; x_wconf 90' lang='lat' dir='ltr'>haec</span> 
     </span>
     <span class='ocr_line' id='line_1_33' title="bbox 204 4258 1424 4332; baseline -0.002 -16"><span class='ocrx_word' id='word_1_242' title='bbox 204 4260 252 4316; x_wconf 79' lang='lat' dir='ltr'>ait:</span> <span class='ocrx_word' id='word_1_243' title='bbox 271 4261 319 4315; x_wconf 86' lang='lat' dir='ltr'>«E</span> <span class='ocrx_word' id='word_1_244' title='bbox 336 4259 490 4316; x_wconf 83' lang='lat' dir='ltr'>Monacbio</span> <span class='ocrx_word' id='word_1_245' title='bbox 508 4261 751 4332; x_wconf 84' lang='lat' dir='ltr'>transmigrarunt</span> <span class='ocrx_word' id='word_1_246' title='bbox 768 4261 860 4316; x_wconf 84' lang='lat' dir='ltr'>nostri</span> <span class='ocrx_word' id='word_1_247' title='bbox 882 4261 913 4316; x_wconf 87' lang='lat' dir='ltr'>in</span> <span class='ocrx_word' id='word_1_248' title='bbox 934 4259 1142 4316; x_wconf 80' lang='lat' dir='ltr'>monasterium</span> <span class='ocrx_word' id='word_1_249' title='bbox 1160 4260 1259 4332; x_wconf 88' lang='lat' dir='ltr'>procul</span> <span class='ocrx_word' id='word_1_250' title='bbox 1277 4258 1424 4324; x_wconf 78' lang='lat' dir='ltr'>dissimm,</span> 
     </span>
     <span class='ocr_line' id='line_1_34' title="bbox 203 4347 1423 4422; baseline -0.001 -19"><span class='ocrx_word' id='word_1_251' title='bbox 203 4348 311 4404; x_wconf 81' lang='lat' dir='ltr'>relictis</span> <span class='ocrx_word' id='word_1_252' title='bbox 324 4348 360 4407; x_wconf 89' lang='lat' dir='ltr'>P.</span> <span class='ocrx_word' id='word_1_253' title='bbox 371 4348 508 4418; x_wconf 83' lang='lat' dir='ltr'>Martino,</span> <span class='ocrx_word' id='word_1_254' title='bbox 521 4349 555 4404; x_wconf 90' lang='lat' dir='ltr'>P.</span> <span class='ocrx_word' id='word_1_255' title='bbox 570 4349 725 4406; x_wconf 87' lang='lat' dir='ltr'>Dominico</span> <span class='ocrx_word' id='word_1_256' title='bbox 737 4357 768 4405; x_wconf 90' lang='lat' dir='ltr'>et</span> <span class='ocrx_word' id='word_1_257' title='bbox 781 4350 874 4406; x_wconf 87' lang='lat' dir='ltr'>tribus</span> <span class='ocrx_word' id='word_1_258' title='bbox 888 4349 953 4405; x_wconf 81' lang='lat' dir='ltr'>aliis</span> <span class='ocrx_word' id='word_1_259' title='bbox 967 4347 1141 4422; x_wconf 84' lang='lat' dir='ltr'>Monachij.n</span> <span class='ocrx_word' id='word_1_260' title='bbox 1155 4349 1199 4404; x_wconf 87' lang='lat' dir='ltr'>Ex</span> <span class='ocrx_word' id='word_1_261' title='bbox 1211 4347 1257 4403; x_wconf 89' lang='lat' dir='ltr'>bis</span> <span class='ocrx_word' id='word_1_262' title='bbox 1270 4347 1359 4419; x_wconf 82' lang='lat' dir='ltr'>igitur</span> <span class='ocrx_word' id='word_1_263' title='bbox 1370 4347 1423 4402; x_wconf 87' lang='lat' dir='ltr'>tri-</span> 
     </span>
     <span class='ocr_line' id='line_1_35' title="bbox 202 4435 1424 4508; baseline -0.001 -16"><span class='ocrx_word' id='word_1_264' title='bbox 202 4439 255 4493; x_wconf 85' lang='lat' dir='ltr'>bus</span> <span class='ocrx_word' id='word_1_265' title='bbox 268 4437 471 4494; x_wconf 86' lang='lat' dir='ltr'>sacerdotibus</span> <span class='ocrx_word' id='word_1_266' title='bbox 483 4439 541 4494; x_wconf 93' lang='lat' dir='ltr'>duo</span> <span class='ocrx_word' id='word_1_267' title='bbox 554 4437 674 4495; x_wconf 85' lang='lat' dir='ltr'>fuerunt</span> <span class='ocrx_word' id='word_1_268' title='bbox 688 4439 828 4494; x_wconf 85' lang='lat' dir='ltr'>Martinus</span> <span class='ocrx_word' id='word_1_269' title='bbox 846 4437 1057 4494; x_wconf 83' lang='lat' dir='ltr'>Stevordianus</span> <span class='ocrx_word' id='word_1_270' title='bbox 1075 4447 1106 4495; x_wconf 90' lang='lat' dir='ltr'>et</span> <span class='ocrx_word' id='word_1_271' title='bbox 1123 4436 1295 4493; x_wconf 86' lang='lat' dir='ltr'>Dominicus</span> <span class='ocrx_word' id='word_1_272' title='bbox 1313 4435 1424 4508; x_wconf 79' lang='lat' dir='ltr'>Mengl-</span> 
     </span>
     <span class='ocr_line' id='line_1_36' title="bbox 202 4525 1424 4600; baseline -0.002 -19"><span class='ocrx_word' id='word_1_273' title='bbox 202 4543 266 4595; x_wconf 82' lang='lat' dir='ltr'>nus,</span> <span class='ocrx_word' id='word_1_274' title='bbox 279 4525 366 4600; x_wconf 81' lang='lat' dir='ltr'>hujus</span> <span class='ocrx_word' id='word_1_275' title='bbox 378 4535 480 4582; x_wconf 89' lang='lat' dir='ltr'>auctor</span> <span class='ocrx_word' id='word_1_276' title='bbox 492 4527 645 4599; x_wconf 86' lang='lat' dir='ltr'>epistolae,</span> <span class='ocrx_word' id='word_1_277' title='bbox 658 4526 696 4582; x_wconf 82' lang='lat' dir='ltr'>de</span> <span class='ocrx_word' id='word_1_278' title='bbox 709 4545 766 4600; x_wconf 93' lang='lat' dir='ltr'>quo</span> <span class='ocrx_word' id='word_1_279' title='bbox 780 4527 848 4583; x_wconf 84' lang='lat' dir='ltr'>vide</span> <span class='ocrx_word' id='word_1_280' title='bbox 860 4527 1128 4597; x_wconf 66' lang='lat' dir='ltr'>Hellomenon,</span> <span class='ocrx_word' id='word_1_281' title='bbox 1141 4527 1200 4584; x_wconf 88' lang='lat' dir='ltr'>loc.</span> <span class='ocrx_word' id='word_1_282' title='bbox 1217 4525 1281 4595; x_wconf 67' lang='lat' dir='ltr'>cit„</span> <span class='ocrx_word' id='word_1_283' title='bbox 1295 4525 1350 4598; x_wconf 85' lang='lat'>111,</span> <span class='ocrx_word' id='word_1_284' title='bbox 1360 4538 1424 4596; x_wconf 86' lang='lat'>212,</span> 
     </span>
    </p>
   </div>
   <div class='ocr_carea' id='block_1_9' title="bbox 201 4617 768 4692">
    <p class='ocr_par' dir='ltr' id='par_1_12' title="bbox 201 4617 768 4692">
     <span class='ocr_line' id='line_1_37' title="bbox 201 4617 768 4692; baseline 0 -19"><span class='ocrx_word' id='word_1_285' title='bbox 201 4617 264 4690; x_wconf 83' lang='lat'>539,</span> <span class='ocrx_word' id='word_1_286' title='bbox 278 4627 310 4674; x_wconf 87' lang='lat' dir='ltr'>et</span> <span class='ocrx_word' id='word_1_287' title='bbox 322 4619 469 4689; x_wconf 64' lang='lat' dir='ltr'>illusus,</span> <span class='ocrx_word' id='word_1_288' title='bbox 482 4618 539 4675; x_wconf 86' lang='lat' dir='ltr'>loc.</span> <span class='ocrx_word' id='word_1_289' title='bbox 552 4618 616 4690; x_wconf 66' lang='lat' dir='ltr'>cit„</span> <span class='ocrx_word' id='word_1_290' title='bbox 629 4617 694 4692; x_wconf 82' lang='lat'>351,</span> <span class='ocrx_word' id='word_1_291' title='bbox 704 4620 768 4691; x_wconf 82' lang='lat'><strong>⁶49·</strong></span> 
     </span>
    </p>
   </div>
   <div class='ocr_carea' id='block_1_10' title="bbox 0 0 1768 5380">
    <p class='ocr_par' dir='ltr' id='par_1_13' title="bbox 0 0 1768 5380">
     <span class='ocr_line' id='line_1_38' title="bbox 0 0 1768 5380; baseline 0 1"><span class='ocrx_word' id='word_1_292' title='bbox 0 0 1768 5380; x_wconf 95' lang='lat' dir='ltr'> </span> 
     </span>
    </p>
   </div>
  </div>
 </body>
</html>
