3504 5386
1378 19 1724 150 Ἶ-

401 497 474 570 478’
826 499 929 554 Errsr.
951 495 985 550 P.
1005 493 1203 565 Nanos-341

401 651 534 738 grmde
555 651 794 720 sollecitudine
813 660 849 720 et
870 671 978 737 paura
996 651 1062 716 che
1081 667 1151 716 non
1176 659 1389 734 entreuenga
1408 647 1548 733 qualche
1564 649 1605 714 le

401 767 595 836 menteuole
606 767 757 848 riuscita;
771 767 853 854 perd
864 766 970 834 molto
979 764 1125 852 importa
1136 762 1410 832 chesicomerui
1425 761 1534 849 quella
1544 779 1606 831 me·

401 881 604 968 tropolitana
620 894 716 950 tanto
730 881 856 950 nobile,

469 1015 500 1064 2.
549 998 626 1066 Neli
641 997 721 1066 stati
735 997 770 1064 di
786 997 933 1064 Fiandre
948 995 1005 1066 del
1019 1017 1057 1062 re
1074 995 1231 1081 Philippo
1244 1015 1358 1064 vanno
1369 994 1606 1064 similmentele

398 1131 480 1180 cose
495 1115 539 1179 de
554 1114 587 1180 le
602 1111 769 1200 religione
782 1112 817 1178 di
838 1113 906 1180 mal
927 1111 961 1178 in
982 1109 1122 1198 peggio‚
1140 1119 1176 1177 et
1195 1109 1356 1178 eaminasi
1378 1121 1473 1177 tanto
1493 1109 1602 1189 inauri,

399 1230 464 1294 che
476 1227 633 1296 dubitare
645 1227 674 1295 si
687 1227 795 1313 pudsi
810 1229 833 1292 'l
850 1250 888 1296 re
903 1238 1013 1294 stesso
1024 1226 1162 1310 quando
1173 1226 1206 1291 lo
1217 1230 1329 1312 sapra,
1342 1225 1376 1290 vi
1389 1229 1486 1312 potr-31
1498 1235 1605 1294 metter

399 1341 530 1410 ordine.
546 1343 725 1411 S'attende
736 1343 760 1408 li
772 1343 804 1408 al
817 1363 986 1410 srnorzare
997 1339 1110 1408 alcuni
1122 1340 1258 1407 tumulti
1270 1340 1401 1408 escitati
1413 1341 1449 1406 in
1461 1342 1607 1426 alquanto

400 1467 501 1524 terre:
523 1458 558 1523 al
577 1471 669 1524 resto
688 1478 758 1524 non
778 1457 807 1524 si
827 1459 914 1526 vede
934 1458 1056 1523 alcuna
1080 1455 1277 1543 prouisione
1297 1457 1483 1524 releuante.
1506 1457 1606 1524 Bene

398 1582 489 1640 tutto
503 1574 617 1660 palese
632 1575 687 1639 eh'
706 1595 726 1640 a
742 1584 864 1659 questo
879 1570 1020 1658 negotio
1041 1572 1085 1638 dd
1105 1573 1235 1658 grande
1254 1570 1496 1658 impedimento
1514 1571 1603 1640 cheli

397 1687 549 1775 prencipi
561 1699 596 1756 et
611 1688 741 1776 signori
757 1687 792 1754 di
807 1687 891 1757 detti
908 1687 987 1754 stati
1003 1687 1099 1754 siano
1115 1695 1210 1756 tanto
1225 1686 1361 1754 alienati
1377 1687 1433 1753 dal
1448 1688 1603 1754 cardinale

394 1804 595 1884 Granuella,
608 1805 672 1872 che
684 1825 752 1871 non
763 1804 794 1870 le
806 1805 904 1870 basta
914 1804 936 1868 l'
947 1801 1062 1869 animo
1073 1800 1108 1868 di
1121 1803 1192 1869 fare
1202 1814 1346 1869 mettere
1357 1802 1392 1868 in
1404 1803 1602 1871 essecntione

396 1939 463 1986 eon
478 1920 600 1985 alcuna
615 1919 766 1986 efficacia
782 1920 858 1988 nele
874 1917 1049 2005 prouincie
1069 1919 1114 1986 de
1131 1919 1164 1986 le
1183 1917 1275 2003 quali
1297 1920 1412 1984 hanno
1433 1919 1457 1984 li
1472 1917 1601 2005 gonerni

393 2035 475 2120 quel
495 2055 602 2120 poeco
622 2036 687 2102 che
706 2038 735 2100 s'
752 2035 939 2116 ordinasse3
957 2044 992 2100 et
1007 2034 1120 2118 quello
1136 2033 1303 2114 vedendo,
1327 2032 1351 2099 li
1371 2035 1498 2121 populi,
1522 2033 1601 2120 quali

391 2151 596 2235 dependono
614 2149 711 2234 quasi
726 2150 762 2216 in
778 2161 900 2234 questa
914 2157 1010 2236 parte
1026 2150 1070 2214 da
1080 2148 1192 2233 questi
1214 2148 1357 2235 signori,
1375 2151 1479 2217 molto
1495 2169 1603 2217 manco

391 2264 422 2331 si
439 2285 567 2332 curano
583 2265 627 2333 de
642 2266 665 2329 l'
683 2264 887 2334 obedientia:
905 2264 962 2330 dal
982 2266 1038 2330 eh'
1056 2264 1092 2330 in
1116 2263 1270 2332 absentia
1285 2264 1319 2330 di
1336 2265 1372 2334 S.
1392 2265 1474 2332 ilfi
1490 2266 1602 2334 lecese

392 2401 505 2446 vanno
522 2381 628 2447 molto
643 2380 800 2476 male.¹Si
816 2390 962 2448 sentono
985 2381 1162 2465 querelare
1182 2379 1296 2446 alcuni
1312 2380 1346 2445 di
1359 2381 1471 2464 questi
1485 2379 1600 2468 signori

391 2497 456 2562 che
473 2493 540 2561 mai
555 2497 574 2562 ὸ
590 2496 715 2562 andato
732 2506 829 2562 tanto
846 2495 934 2561 male
954 2494 978 2559 il
1001 2494 1140 2582 negotio
1159 2495 1204 2563 de
1225 2496 1259 2562 la
1281 2495 1358 2563 fede
1377 2495 1413 2561 in
1433 2497 1511 2582 quei
1525 2495 1600 2582 parti

389 2613 456 2678 che
471 2611 515 2679 de
531 2612 585 2677 ch’
604 2612 647 2676 ha
663 2621 854 2697 gouernato
873 2610 897 2675 il
912 2609 1096 2692 cardinale,
1113 2621 1148 2676 ct
1169 2620 1319 2697 tengono
1333 2631 1430 2679 come
1447 2633 1505 2700 per
1519 2623 1600 2679 ωηο
1723 2613 1724 2616 ’

390 2729 456 2794 che
472 2725 538 2794 mai
553 2725 586 2792 ci
603 2729 746 2795 mettere
762 2725 891 2794 ordine:
910 2725 945 2791 di
961 2726 1020 2812 piri
1035 2729 1099 2792 che
1115 2725 1183 2791 mai
1203 2726 1362 2793 eandata
1385 2725 1444 2814 piri
1464 2728 1600 2795 desolata

390 2843 423 2908 la
439 2841 567 2927 politia,
585 2863 629 2907 ne
645 2863 767 2907 manco
787 2843 818 2908 le
839 2842 971 2907 finanze
991 2842 1047 2908 del
1068 2862 1104 2907 re
1124 2839 1182 2926 piri
1203 2842 1234 2907 al
1255 2841 1355 2908 basto
1375 2845 1430 2909 ch'
1448 2844 1480 2909 al
1500 2855 1599 2928 tempo

389 2958 446 3026 del
461 2978 618 3043 gouerno
634 2956 669 3022 di
685 2955 806 3024 costui.
827 2957 871 3022 Et
885 2978 970 3041 pure
985 2957 1109 3022 dicono
1124 2959 1229 3023 esser'
1242 2956 1322 3023 stati
1338 2979 1471 3044 sempre
1486 2957 1598 3024 fidelia
1719 3021 1720 3026 ,

390 3073 428 3141 S.
446 3072 525 3139 Mt&
542 3072 739 3158 esponendo
756 3071 798 3137 ad
814 3071 897 3157 ogni
913 3071 1064 3157 periculo
1082 3081 1177 3138 tanto
1199 3071 1222 3136 li
1245 3072 1323 3138 beni
1344 3083 1472 3157 quanto
1488 3075 1518 3140 le
1532 3093 1598 3160 per·

390 3209 498 3255 senne
513 3189 587 3253 loro
607 3208 668 3272 per
684 3185 892 3252 conseruarli
908 3185 931 3250 li
948 3186 1023 3253 suoi
1039 3185 1131 3269 stati;
1149 3196 1184 3253 et
1204 3186 1430 3255 nondimanco
1450 3209 1527 3275 pare
1545 3189 1600 3255 clre
1717 3221 1718 3224 ¹

258 3292 264 3303 '
389 3303 504 3388 quella
519 3297 548 3369 si
563 3301 641 3369 sfidi
657 3301 692 3366 di
708 3302 792 3380 loro,
811 3324 880 3368 non
896 3303 1063 3367 trouando
1084 3301 1199 3369 buona
1218 3322 1299 3368 cosa
1321 3305 1384 3370 che
1406 3303 1599 3372 dicesseroo

390 3419 572 3498 recessero,
591 3439 647 3483 ma
663 3415 743 3483 tutti
760 3418 792 3484 le
807 3427 1013 3503 sottoponga
1028 3418 1072 3482 ad
1087 3437 1155 3483 vno
1171 3415 1353 3500 cardinale3
1372 3428 1407 3486 et
1418 3421 1501 3490 altre
1513 3417 1599 3487 simili

389 3535 540 3620 querelle
556 3533 585 3600 si
601 3543 757 3600 sentono.
779 3534 852 3598 Ben
868 3534 924 3598 ch’
942 3531 965 3597 il
984 3531 1136 3618 giudicio
1151 3531 1186 3598 di
1201 3545 1322 3618 queste
1337 3555 1416 3602 cose
1431 3535 1460 3600 si
1475 3533 1570 3602 [ascia
1583 3555 1599 3598 a

387 3649 445 3715 clri
462 3659 575 3728 tocca,
589 3670 659 3714 non
674 3648 760 3714 altro
775 3647 803 3714 si
819 3647 975 3716 desidera
990 3647 1065 3714 sino
1081 3650 1145 3717 che
1162 3649 1241 3714 tutti
1257 3647 1355 3716 siano
1370 3651 1475 3718 molto
1489 3649 1598 3720 fidelia

390 3762 484 3830 Iddio
500 3767 543 3831 N.
563 3763 600 3833 S.
619 3775 654 3830 et
669 3785 690 3828 a
705 3765 741 3832 S.
762 3763 859 3841 Mrt,
874 3765 988 3849 quello
998 3763 1028 3830 si
1040 3785 1139 3850 spera
1151 3785 1298 3832 saranno
1309 3785 1456 3852 sempre,
1469 3788 1523 3833 ma
1538 3765 1598 3832 solo

388 3879 418 3946 si
433 3879 556 3946 dicono
572 3878 684 3946 alcuni
700 3877 943 3965 impedimento
963 3879 1019 3946 del
1038 3881 1153 3946 buono
1175 3881 1360 3966 procedere
1382 3881 1438 3950 del
1458 3901 1598 3969 gouemo

388 3995 424 4062 di
440 3995 552 4080 quelle
567 3995 694 4075 bande,
709 3993 867 4062 massime
886 3994 922 4060 in
942 4013 1022 4062 cose
1041 3995 1085 4060 de
1103 3995 1136 4061 la
1156 3994 1333 4082 religione,
1351 4007 1481 4066 mentre
1501 3993 1597 4066 cheli

388 4111 526 4197 bisogni
541 4131 650 4177 sonno
668 4120 762 4178 tanto
778 4109 926 4178 estremi:
944 4120 980 4176 et
994 4109 1162 4178 intendesi
1177 4113 1232 4176 ch'
1246 4112 1361 4178 alcuni
1373 4113 1522 4199 prencipi
1534 4115 1597 4178 tho-

389 4229 507 4295 desch'
524 4219 723 4294 sollecitano
735 4225 847 4292 alcuni
860 4224 991 4311 signori
1003 4225 1224 4312 gouernatori
1236 4225 1272 4292 in
1288 4227 1392 4311 quelli
1401 4228 1482 4295 stati
1493 4229 1545 4298 del
1554 4246 1595 4302 rc,

389 4343 488 4410 accio
502 4364 571 4409 non
590 4341 690 4408 vsino
711 4343 869 4420 durezza,
887 4363 943 4407 ma
963 4341 1103 4408 trattino
1123 4363 1220 4411 corne
1240 4343 1409 4412 conuiene
1428 4345 1453 4409 l'
1468 4339 1597 4414 clettidi

390 4457 542 4539 Christo,
572 4457 607 4524 id
634 4467 697 4538 est,
728 4457 778 4544 gl'
802 4455 943 4524 heretici
970 4457 1234 4526 sacramentarii.
1264 4457 1440 4534 Dubitano
1463 4458 1550 4527 molti
1573 4453 1596 4522 si

391 4575 429 4645 S.
449 4573 533 4643 Mn
554 4574 692 4642 intende
713 4582 843 4641 coteste
864 4592 942 4640 cose
964 4594 985 4640 o
1006 4593 1088 4653 non,
1110 4585 1145 4642 et
1164 4573 1350 4659 giudicano
1370 4578 1434 4643 che
1453 4578 1482 4644 s'
1502 4579 1595 4642 haue·

389 4694 494 4762 rebbe
510 4697 542 4762 d'
558 4693 684 4758 hauere
697 4691 902 4758 aduertenza
913 4692 977 4755 che
988 4690 1010 4754 l’
1025 4691 1203 4758 occasione
1213 4691 1249 4758 di
1265 4691 1370 4778 tempi
1382 4691 1527 4779 presenti
1537 4711 1594 4757 non
