3544 5390
404 469 458 532 618
869 473 977 534 Emer.
1000 475 1034 533 P.
1055 472 1169 533 Nannr.

405 629 548 696 uolunta
560 628 614 698 ch’
630 627 652 696 il
668 627 816 715 collegio
831 627 860 696 si
877 631 1008 699 facesse
1019 629 1054 698 in
1071 629 1152 696 tutti
1167 629 1179 696 1
1194 628 1299 712 modi,
1313 628 1469 713 dicendo,
1485 629 1540 697 che
1551 651 1599 698 an-

406 720 554 786 ehorehe
567 718 660 786 lddio
672 717 871 820 disponesse
881 719 1073 787 altrimente
1086 720 1141 787 del
1152 719 1314 799 cardinal,
1329 719 1396 806 egli
1405 719 1599 788 truouerebbe

406 809 508 874 modo
523 807 558 873 di
574 808 670 876 farlo.
689 808 790 894 Drpor
806 807 962 875 intesimo
978 811 1043 876 che
1059 807 1082 873 il
1097 809 1190 876 buon
1206 808 1378 877 cardinale
1392 811 1518 876 haueua
1532 809 1598 874 fatto
1726 869 1727 886 ,

408 896 487 981 quel
503 900 567 964 che
583 895 611 962 si
627 899 646 964 e
662 895 767 963 detto.
787 897 865 964 Alle
888 897 1032 965 orationi
1051 896 1086 963 di
1106 899 1150 965 V.
1173 899 1231 980 R.,
1252 907 1319 966 etc.
1337 897 1381 965 Di
1398 900 1529 979 Trento,
1544 897 1598 981 3di

407 987 524 1053 Marzo
544 986 638 1070 1563.
657 985 701 1054 Di
718 987 762 1054 V.
777 987 818 1055 R.
834 1007 934 1054 seruo
945 985 981 1052 in
993 987 1143 1070 Christo,
1157 1008 1217 1073 per
1229 985 1449 1056 commisione
1464 987 1596 1054 dinostro

408 1075 519 1143 Padre
535 1075 717 1162 preposito,

1035 1163 1212 1254 †Jonuun
1235 1185 1282 1234 nn
1306 1164 1528 1252 Ponauco.†

985 1407 1047 1474 XII

668 1555 777 1616 OTTO
794 1555 1025 1614 TRUCHSESS
1044 1557 1097 1614 DE
1116 1557 1347 1616 WALDBURG

841 1671 995 1730 cardinalis
1008 1682 1189 1745 augustanus

805 1810 912 1859 PATRI
937 1811 1073 1873 JACOBO
1097 1811 1229 1860 LAINEZ

762 1926 904 2005 Romae,
931 1941 973 2008 24
996 1925 1109 1992 Martii
1139 1926 1223 2010 1563
1247 1927 1269 1992 ¹.

477 2060 583 2129 Molto
612 2056 695 2126 R.d0
721 2057 757 2125 in
782 2057 920 2125 Christo
947 2060 1076 2139 Padre,
1106 2059 1176 2126 mio
1200 2060 1332 2126 fratello
1352 2058 1597 2127 honoratissimo.

412 2151 584 2219 Hauendo
595 2149 626 2214 la
638 2150 766 2215 maesta
778 2148 834 2214 del
845 2170 882 2216 re
893 2149 936 2214 de
948 2147 1077 2214 romani
1089 2147 1276 2215 ricerchato
1288 2149 1332 2216 de
1342 2150 1476 2216 condur
1485 2147 1516 2214 in
1526 2145 1601 2233 spai-

415 2263 485 2328 gna
499 2239 523 2305 li
539 2237 590 2306 soi
604 2236 661 2303 doi
676 2235 795 2324 figlioli
811 2237 949 2322 maschij
968 2237 1003 2302 in
1018 2247 1113 2305 corte
1126 2239 1183 2306 del
1197 2253 1315 2306 sereno
1331 2259 1368 2306 re
1386 2237 1542 2324 Philippo,
1557 2257 1603 2322 per

412 2330 436 2396 il
452 2328 532 2414 qual
547 2325 688 2413 viaggio
703 2327 735 2390 la
751 2325 874 2393 santitd
886 2325 920 2392 di
937 2327 980 2394 N.
1000 2327 1036 2394 S.
1055 2329 1100 2392 m'
1114 2328 1159 2392 ha
1174 2328 1254 2393 dato
1265 2329 1355 2393 bona
1366 2326 1509 2406 licentia,
1521 2345 1605 2425 prego
1728 2321 1729 2390 Ῐ

413 2440 479 2484 con
494 2415 575 2503 ogni
592 2414 798 2483 confidentia
818 2416 850 2481 la
870 2417 912 2483 R.
937 2417 977 2482 P.
1001 2417 1045 2483 V.
1068 2414 1102 2480 di
1122 2415 1263 2484 volermi
1283 2417 1472 2485 concedere
1489 2415 1521 2481 in
1539 2434 1605 2498 ogni

411 2507 512 2573 modo
528 2509 592 2572 che
607 2504 631 2571 il
647 2501 729 2572 R.d⁰
745 2504 856 2572 Padre
872 2505 940 2570 don
953 2505 1058 2590 LuyS,
1072 2526 1137 2572 suo
1150 2515 1272 2591 nepote
1284 2507 1310 2588 ¹,
1325 2506 1416 2592 possi
1430 2506 1480 2572 iar
1494 2526 1550 2571 con
1562 2522 1605 2567 ne

412 2597 506 2664 detlu
527 2592 683 2681 viaggio,
706 2593 794 2661 della
814 2593 870 2659 cui
890 2614 993 2680 opera
1015 2596 1060 2660 ho
1080 2594 1324 2680 grandamente
1344 2595 1388 2662 de
1408 2594 1544 2681 bisogno
1560 2611 1606 2678 per

412 2685 479 2753 rnia
495 2705 639 2772 persona
653 2693 689 2750 et
703 2703 764 2768 per
779 2684 830 2748 far
846 2681 940 2748 molti
956 2682 1037 2750 boni
1053 2681 1226 2750 christiani
1242 2683 1337 2768 offitij
1355 2705 1420 2751 con
1436 2694 1546 2768 questa
1558 2701 1605 2746 oc-

411 2774 558 2841 casione.
579 2775 645 2840 Per
661 2781 781 2858 questo
797 2782 925 2856 quanto
941 2793 1041 2858 posso
1056 2794 1163 2858 prego
1180 2775 1222 2840 V.
1242 2775 1283 2840 R.
1304 2775 1344 2840 P.
1367 2775 1432 2840 che
1448 2795 1500 2841 me
1520 2768 1605 2837 faccia

413 2875 533 2950 questa
549 2861 670 2949 gratia,
688 2870 723 2927 et
738 2859 804 2928 stia
818 2858 930 2927 sicura
945 2864 1000 2928 ch'
1017 2860 1052 2927 io
1065 2860 1089 2926 li
1106 2862 1178 2928 faro
1189 2863 1280 2928 bona
1291 2861 1501 2948 compagnia,
1514 2871 1605 2928 eleon

413 2954 446 3019 la
466 2951 576 3038 gratia
596 2952 639 3016 de
659 2949 725 3017 Dio
752 2971 851 3035 spero
877 2953 941 3017 che
967 2951 1011 3016 ne
1032 2950 1196 3037 riportaro
1216 2952 1360 3036 qualche
1381 2951 1494 3038 degno
1512 2950 1604 3015 hutto.

413 3044 457 3110 V.
476 3043 513 3109 S.
530 3039 581 3106 sia
595 3049 755 3106 contenta
770 3039 886 3106 danne
901 3039 1014 3105 subito
1029 3039 1185 3124 risposta,
1200 3041 1323 3126 perche
1335 3039 1368 3108 io
1379 3043 1505 3109 hauero
1516 3039 1546 3104 d'
1557 3057 1605 3102 an·
1729 3033 1730 3078 1

413 3132 484 3199 dar'
508 3130 551 3195 ad
570 3128 754 3195 incontrar'
776 3128 861 3195 detti
883 3127 1088 3195 serenissimi
1109 3128 1244 3215 figlioli,
1267 3139 1302 3196 et
1322 3131 1460 3214 quando
1480 3137 1561 3215 parto
1580 3122 1606 3188 di

414 3222 521 3288 Roma
536 3216 630 3286 vorei
656 3220 783 3285 hauere
803 3216 838 3282 in
859 3216 1073 3303 compaignia
1093 3217 1189 3290 detto
1211 3219 1320 3285 Padre
1339 3218 1408 3285 don
1424 3220 1523 3304 Luys,
1544 3212 1606 3299 qual

413 3309 447 3376 io
458 3328 629 3394 cognosco
641 3305 831 3373 sufficiente
843 3317 877 3371 et
889 3305 1185 3398 particulannente
1197 3307 1219 3372 l'
1233 3329 1310 3374 amo
1325 3320 1360 3376 et
1371 3327 1518 3388 osseruo,
1529 3321 1605 3371 corne

415 3399 449 3464 fo
466 3407 554 3463 tutta
569 3396 601 3462 la
618 3395 829 3480 Compagnia
843 3395 878 3460 di
890 3397 985 3484 Jesd,
1004 3396 1068 3462 alla
1085 3397 1183 3480 quale
1199 3399 1244 3462 m'
1263 3397 1370 3464 offero
1386 3395 1421 3462 in
1436 3395 1514 3483 ogni
1527 3412 1605 3460 occa-

414 3487 510 3553 sione
524 3487 567 3551 de
584 3485 635 3551 far
649 3482 801 3553 seruitio.
820 3485 960 3570 Quanto
975 3485 1041 3552 allo
1057 3484 1202 3572 collegio
1213 3485 1302 3554 della
1313 3484 1529 3573 Compagnia,
1544 3477 1605 3566 qual

414 3575 448 3642 io
464 3596 570 3662 penso
587 3574 630 3640 de
645 3573 777 3659 erigere
792 3571 827 3639 in
848 3572 998 3659 Dilinga,
1015 3573 1048 3640 io
1068 3576 1113 3640 ho
1133 3573 1301 3642 chiamato
1320 3596 1389 3658 qua
1408 3575 1432 3640 il
1448 3574 1553 3643 retror'
1572 3568 1604 3632 de

415 3663 565 3750 Dilinga,
584 3664 663 3747 qual
678 3684 753 3730 sera
769 3662 804 3727 in
819 3663 925 3730 breue
940 3683 1019 3747 qua,
1037 3683 1102 3729 con
1117 3663 1140 3729 il
1156 3665 1256 3748 quale
1271 3663 1388 3750 voglio
1403 3664 1464 3730 dar
1478 3660 1549 3748 ogni
1561 3678 1603 3722 or·

414 3753 494 3820 dine
508 3751 544 3819 di
559 3751 712 3818 licentiar
726 3750 751 3816 li
766 3751 903 3818 maestri
919 3751 1079 3838 presenti,
1097 3762 1131 3818 et
1146 3752 1189 3820 de
1209 3752 1404 3820 transferire
1418 3755 1452 3819 le
1466 3749 1604 3818 inlradee

415 3841 584 3910 authorita
600 3841 665 3908 alla
684 3839 908 3926 Compagnia,
930 3861 1027 3908 come
1048 3861 1111 3907 con
1128 3842 1172 3909 V.
1191 3843 1232 3909 R.
1253 3845 1292 3909 P.
1310 3841 1418 3908 siamo
1436 3843 1603 3908 conuenuto

415 3929 531 3999 auanti
547 3952 606 3997 soa
621 3929 754 4015 partita:
773 3929 893 4016 voglio
903 3932 1051 3996 anchora
1067 3930 1182 3996 auanti
1197 3929 1264 3996 rnia
1283 3942 1444 4017 partenza
1460 3951 1514 4018 per
1526 3921 1604 4012 Spai-

415 4042 486 4106 gna
501 4021 606 4086 lassar
621 4018 750 4099 denari,
769 4019 860 4102 quali
875 4018 1058 4106 bisognera
1069 4041 1128 4106 per
1140 4021 1317 4105 proueder'
1331 4021 1364 4086 d'
1379 4018 1462 4107 ogni
1474 4034 1604 4086 necessa·

416 4110 466 4180 rio
482 4130 542 4196 per
557 4108 580 4174 il
597 4109 692 4176 delto
708 4107 853 4194 collegio
869 4109 958 4176 della
973 4107 1210 4195 Compaignia.
1229 4111 1297 4177 Per
1312 4123 1434 4195 questo
1450 4111 1493 4177 V.
1514 4109 1548 4172 R.
1573 4103 1604 4199 P:

415 4202 513 4286 porra
528 4200 589 4266 dar
606 4195 725 4266 ordine
740 4198 804 4264 che
820 4220 880 4284 per
900 4196 923 4262 11
945 4199 1034 4280 7.bre
1054 4196 1219 4284 pressimo
1239 4198 1390 4286 vengino
1410 4220 1431 4266 a
1449 4196 1571 4281 Dilinga
1588 4189 1606 4253 1¹

415 4319 626 4332 ——n———n-

470 4381 478 4412 ¹
515 4377 559 4431 Er
573 4376 761 4449 autographo,
776 4375 806 4431 in
821 4375 893 4432 Cod.
909 4376 955 4446 38,
969 4374 1078 4448 duplici
1091 4374 1153 4441 fol„
1168 4375 1214 4450 83,
1226 4376 1271 4448 84.
1286 4376 1362 4433 Vide
1374 4377 1463 4450 epist.
1477 4375 1533 4444 300,
1548 4388 1572 4426 n·
1583 4378 1603 4435 95

417 4456 447 4505 et
460 4445 607 4575 3’0611111111
621 4517 709 4574 etiarn
719 4517 838 4590 juvenis
849 4536 885 4573 ex
899 4517 1008 4574 familia
1020 4517 1138 4588 illustri,
1152 4534 1243 4591 nepos
1256 4537 1293 4574 ex
1305 4536 1404 4576 sorore
1414 4509 1603 4604 ipsiusmetl's·

415 4592 467 4648 tris
480 4591 610 4663 Laynez,
623 4591 742 4646 nomine
754 4589 893 4663 Aloysius
905 4591 942 4646 de
955 4589 1106 4660 Mendoza,
1119 4589 1170 4664 qui
1183 4589 1213 4646 in
1226 4590 1321 4649 Gallia
1330 4589 1479 4666 Cisalpina
1488 4587 1600 4646 militare·

413 4671 469 4736 rat,
482 4661 622 4720 Societati
634 4679 667 4720 se
680 4661 839 4736 adjunxit».
854 4663 1015 4728 Ponnuco,
1032 4661 1200 4735 Cron.,1V,
1215 4660 1260 4719 36.
