3464 5386
412 481 465 552 426
830 483 937 539 Errsr.
957 479 994 538 Ρ.
1018 479 1221 553 Ninia-325

409 646 446 704 et
461 633 639 721 graduarsi
654 635 708 702 col
725 645 851 721 tempo,
870 635 897 701 ll
912 632 1057 722 disegno
1073 635 1116 704 de
1138 635 1232 701 leuar
1252 634 1276 700 il
1298 637 1342 702 D.
1370 635 1513 702 Hermes
1537 637 1558 715 ¹,
1579 635 1616 702 de

408 749 555 830 Vienna,
570 770 630 836 per
645 751 757 835 quelle
772 750 885 818 bande
900 749 944 818 de
960 749 1104 818 Francia
1118 772 1141 817 o
1160 749 1306 818 Fiandra
1318 771 1399 837 pare
1412 735 1513 817 molto
1523 751 1612 833 bono,

407 875 443 933 et
458 867 568 934 anche
583 865 627 933 de
642 866 737 932 leuar
753 864 776 931 il
792 867 859 932 M.⁰
873 865 1030 945 Morales,
1045 865 1168 951 poiche
1179 867 1314 934 bastere
1326 887 1387 952 per
1397 865 1431 932 la
1443 869 1611 934 mathema-

409 979 476 1047 tica
487 979 511 1044 il
522 982 566 1047 D.
583 979 770 1048 Adalberto
786 981 813 1060 ¹,
830 990 864 1047 et
884 999 944 1067 per
960 981 993 1046 la
1009 979 1192 1068 theologia3
1211 991 1246 1049 et
1261 1003 1298 1048 se
1310 983 1398 1070 Joan
1412 982 1517 1048 Paulo
1528 984 1610 1067 pont

408 1096 527 1165 uenire
541 1096 576 1162 in
592 1095 698 1176 ltalia,
717 1099 792 1162 sera
807 1098 875 1162 ben
891 1105 1031 1178 uenuto.

474 1211 518 1278 N.
549 1212 588 1277 P.
614 1213 741 1280 hauerai
761 1230 840 1278 caro
860 1212 904 1277 de
926 1210 1103 1280 intendere
1124 1231 1222 1278 corne
1241 1221 1331 1279 resta
1351 1211 1385 1279 la
1403 1233 1483 1278 cosa
1505 1212 1546 1280 de
1569 1213 1610 1278 ls-

406 1347 492 1412 pruc
518 1337 646 1411 quanto
669 1327 700 1393 al
721 1325 895 1412 superiore
917 1336 951 1394 et
971 1325 1003 1392 al
1023 1325 1130 1394 lector
1150 1327 1238 1394 della
1257 1325 1365 1414 prima
1384 1327 1491 1394 classe
1511 1325 1612 1394 chesi

407 1439 526 1508 faceua
542 1451 643 1507 conto
659 1441 819 1508 mandare
835 1441 869 1508 in
886 1443 995 1508 Roma
1011 1451 1045 1510 et
1057 1441 1128 1507 cosi
1139 1442 1230 1510 delle
1240 1443 1324 1509 altre
1336 1463 1428 1525 cose,
1442 1462 1479 1508 se
1489 1441 1543 1528 gia
1554 1463 1612 1508 non

406 1577 584 1642 penssasse
600 1559 643 1624 V.
664 1559 703 1624 R.
724 1567 838 1643 presto
854 1577 947 1624 esser
962 1554 997 1623 di
1012 1577 1080 1642 qua
1095 1579 1156 1643 per
1170 1557 1257 1624 dirlo
1272 1580 1290 1623 a
1307 1559 1425 1626 bocca.

472 1690 506 1754 4.
552 1672 617 1740 Del
634 1693 806 1758 procurat,
825 1672 961 1757 quando
975 1671 999 1737 il
1015 1671 1162 1740 concilio
1177 1695 1215 1742 se
1234 1673 1343 1753 finita,
1367 1675 1495 1768 hauere
1509 1671 1608 1740 alcuni

307 1823 310 1830 ·
405 1785 495 1856 Sotti
510 1797 545 1855 et
561 1786 722 1854 Valdensi
738 1788 763 1866 ⁸,
781 1785 810 1852 si
827 1787 898 1854 fara
913 1787 1020 1854 molto
1037 1786 1217 1856 uolontieri
1233 1789 1312 1874 quel
1327 1788 1432 1855 chesi
1447 1792 1551 1875 potra;
1564 1809 1609 1854 me

405 1921 474 1968 non
489 1901 597 1968 siamo
613 1911 732 1988 troppo
747 1899 833 1970 certi¹
852 1904 916 1969 che
938 1899 1038 1968 debia
1057 1901 1081 1967 il
1100 1903 1243 1969 concilio
1263 1902 1369 1970 finirsi
1386 1913 1480 1971 tanto
1495 1913 1605 1988 presto.

404 2015 470 2083 Chi
486 2037 591 2104 pensa
609 2037 675 2083 una
694 2035 785 2096 cosa,
807 2015 863 2082 chi
885 2017 1049 2112 uri-altra.
1073 2018 1100 2083 ll
1121 2037 1157 2083 re
1176 2017 1343 2084 catholico
1366 2039 1436 2084 non
1458 2039 1535 2103 pare
1557 2036 1608 2082 uo

404 2132 509 2200 rebbe
525 2141 645 2218 troppo
663 2131 774 2211 fresta,
792 2139 826 2198 et
842 2131 913 2197 cosi
927 2132 994 2199 ben
1011 2130 1058 2198 mi
1073 2133 1241 2218 persuado
1257 2133 1321 2200 che
1336 2135 1427 2202 send
1439 2134 1483 2200 V.
1498 2134 1536 2198 R.
1550 2141 1608 2196 tor-

403 2255 485 2313 nato
500 2266 569 2331 qua
584 2244 700 2312 auanti
721 2245 744 2310 il
759 2245 828 2312 fine
842 2244 898 2313 del
913 2245 1059 2313 concilio
1074 2247 1098 2314 ⁴.
1155 2261 1161 2276 “

471 2377 503 2445 5.
550 2361 616 2427 Del
632 2362 791 2428 mandare
806 2359 830 2426 il
852 2363 892 2427 Ρ.
916 2362 1049 2429 Urtado
1072 2363 1083 2396 ⁸
1104 2361 1140 2427 in
1160 2360 1325 2428 Cassouia
1347 2361 1486 2448 perdar
1507 2359 1608 2427 ordine

400 2475 466 2543 alle
482 2495 562 2543 cose
577 2475 611 2542 di
628 2477 671 2555 lai,
690 2496 759 2541 non
774 2497 835 2562 per
851 2477 1038 2542 confinarlo
1053 2477 1158 2543 molto
1174 2478 1239 2542 alla
1251 2477 1354 2564 longa
1366 2477 1400 2542 in
1417 2477 1495 2562 quel
1507 2477 1607 2561 luogo,

400 2611 481 2678 pare
497 2592 585 2660 bene
601 2611 621 2657 a
637 2591 680 2658 N.
702 2593 756 2672 P.,
775 2601 810 2658 et
831 2589 860 2658 si
880 2593 900 2659 ὁ
920 2591 1054 2674 scritto,
1075 2613 1174 2658 corno
1193 2591 1226 2658 lo
1247 2591 1374 2658 ricerca
1392 2593 1425 2658 la
1446 2593 1559 2660 lettera
1579 2587 1607 2653 di

399 2707 444 2774 V.
462 2708 519 2786 R.‚
537 2707 570 2772 al
587 2716 691 2774 rettor
706 2706 749 2774 de
766 2706 900 2776 Vienna
914 2710 990 2787 che,
1010 2707 1271 2774 consultandolo
1286 2708 1339 2773 col
1352 2709 1393 2773 P.
1408 2705 1563 2786 Victoria,
1576 2725 1606 2771 se

398 2801 564 2888 sarranno
578 2823 621 2889 de
638 2823 793 2918 accordo,
812 2825 909 2907 potra
924 2821 1086 2892 mandare
1100 2821 1136 2888 in
1151 2823 1316 2890 Cassouia
1331 2821 1354 2890 il
1371 2825 1411 2890 P.
1431 2823 1566 2901 Urtado,
1578 2829 1606 2888 et
1713 2889 1714 2900 .

398 2954 459 3022 per
473 2937 506 3003 lo
523 2936 663 3005 auenire
674 2959 712 3006 se
723 2935 746 3002 li
759 2937 778 3004 e
791 2937 885 3004 detto
901 2939 977 3018 che,
995 2937 1223 3024 imponendoli
1238 2939 1283 3006 V.
1302 2941 1343 3006 R.
1361 2939 1395 3005 la
1406 2937 1605 3024 superinten-

396 3051 506 3120 denza
521 3053 577 3118 del
593 3051 737 3137 collegio
752 3052 795 3118 de
812 3051 973 3119 Timauia
987 3073 1054 3119 con
1069 3073 1165 3139 parer
1180 3054 1236 3121 del
1255 3054 1427 3121 medesmo
1443 3054 1484 3120 P.
1503 3051 1605 3119 Victo

398 3165 459 3248 ria,
478 3167 510 3232 la
531 3165 635 3252 piglie
656 3165 758 3252 peril
781 3177 894 3253 tempo
915 3169 979 3234 che
998 3171 1091 3234 serra
1111 3167 1260 3235 discosto
1280 3167 1315 3234 in
1336 3171 1449 3255 Praga
1469 3168 1490 3233 il
1512 3167 1621 3235 Padre

398 3280 597 3368 prouincial,
616 3281 774 3349 massime
789 3280 824 3347 in
845 3303 924 3350 cose
944 3283 1033 3349 doue
1053 3304 1122 3351 non
1142 3282 1172 3348 si
1193 3305 1237 3369 po
1258 3293 1406 3370 aspettar
1427 3280 1605 3350 commoda-

396 3405 511 3464 mente
527 3399 560 3465 la
575 3397 720 3484 risposta
734 3398 790 3464 del
810 3399 906 3466 detto
926 3397 1125 3485 prouincial.
1149 3399 1252 3469 Siche
1273 3401 1315 3468 V.
1340 3401 1380 3468 R.
1402 3399 1428 3465 li
1449 3401 1541 3486 porra
1559 3417 1606 3460 or·

394 3511 514 3579 dinare
529 3512 583 3579 cio
598 3515 662 3582 che
678 3512 701 3577 li
722 3516 852 3600 parere.

462 3629 495 3694 6.
544 3627 581 3697 Si
598 3649 659 3694 son
675 3628 805 3697 riceute
819 3630 939 3698 lettere
954 3629 1010 3696 del
1025 3631 1119 3698 detto
1139 3639 1245 3697 rettor
1266 3631 1309 3698 de
1330 3630 1363 3715 xj
1385 3631 1429 3698 de
1451 3627 1599 3704 Octobre;

393 3753 430 3813 et
457 3763 538 3830 pare
557 3744 623 3811 che
643 3753 759 3810 nostro
780 3744 911 3812 fratello
933 3747 1060 3826 Marco,
1079 3747 1143 3812 che
1159 3747 1269 3814 hebbe
1289 3765 1372 3812 cura
1392 3745 1448 3814 nel
1467 3736 1601 3811 hortodi

393 3859 474 3945 quel
490 3857 638 3945 giouene
653 3857 862 3939 conuictore‚
877 3861 1019 3928 eanehe
1031 3869 1140 3928 morto
1150 3859 1240 3927 della
1251 3859 1435 3930 medesima
1446 3853 1600 3926 inferrnid

294 3981 302 3994 '
391 3975 436 4042 de
451 3973 541 4040 colui
558 3994 577 4038 a
594 3972 648 4039 chi
665 3994 821 4056 serueua,
840 3984 874 4044 et
890 3973 921 4042 ci
942 3977 987 4041 ha
1001 3976 1083 4042 dato
1099 3997 1146 4042 un
1161 3961 1307 4062 poco'de
1321 3973 1479 4062 pensiero
1493 3979 1599 4058 questa

400 4141 610 4152 ———...-.

448 4248 455 4279 ¹
493 4243 691 4314 Vinghenius.

443 4337 454 4367 ⁹
492 4333 622 4387 Bautek.

443 4423 454 4452 ³
491 4421 551 4490 Sic;
563 4423 582 4476 i.
595 4439 622 4475 e.
634 4420 744 4492 aliquot
754 4423 889 4494 exempla
898 4438 1019 4494 operum
1029 4423 1174 4480 Dominioi
1184 4421 1221 4478 de
1232 4421 1315 4494 Soto‚
1324 4420 1364 4481 Ο.
1380 4423 1426 4494 Ρ.,
1439 4431 1471 4479 et
1481 4421 1596 4478 Thomae

390 4509 557 4576 Valdensis,
571 4510 763 4582 carmelitani,
776 4509 813 4564 de
826 4527 884 4582 quo
897 4509 936 4565 cf.
947 4509 1162 4583 PossEvrnun,
1172 4512 1350 4585 Apparatus
1358 4527 1452 4576 sacer,
1463 4512 1502 4583 Π,
1511 4505 1567 4580 493·

442 4599 453 4629 ⁴
490 4599 565 4654 Vide
580 4599 669 4670 epist.
686 4597 749 4668 314,
764 4617 793 4655 n.
808 4613 835 4667 23
851 4607 881 4654 et
893 4597 958 4671 338,
971 4618 1000 4656 n.
1018 4613 1042 4654 1.

444 4691 455 4720 ⁵
492 4685 641 4743 Hurtadus
655 4689 760 4744 Perez.
