3666 5384
814 453 882 510 Ι557
1424 440 1461 510 53

296 595 390 664 Hinc
404 606 457 664 est
473 604 698 664 consecutum
714 603 753 659 vt
768 602 909 660 coactus
925 591 1052 658 iudicio
1069 589 1171 658 trium
1188 591 1351 676 iudicum,
1369 591 1461 661 inter

222 733 317 797 quos
333 710 398 778 fuit
413 713 458 779 D.
478 709 679 792 Madridius,
697 719 779 775 vota
795 705 976 777 Societatis
988 706 1143 776 ediderit:
1158 706 1241 792 quid
1253 707 1308 774 hic
1320 709 1363 775 de
1378 729 1458 777 cae-

224 829 321 895 tero?
336 827 402 894 fuit
420 847 556 914 semper
578 824 710 892 alienus
726 847 746 890 a
763 826 801 890 Ρ.
819 821 964 909 Ignati0,
987 822 1129 908 ignarus
1155 821 1315 903 instituti,
1338 833 1458 890 conte-

224 963 352 1011 mnens
364 942 711 1022 sociorum,versatus
723 938 860 1025 quidem
881 937 886 1026 Ι
906 938 942 1003 in
953 935 1222 1019 ministeri0,sed
1233 938 1276 1004 de
1289 959 1353 1006 suo
1364 938 1458 1025 capi-

224 1068 275 1139 te,
302 1067 506 1144 arroganter
521 1057 565 1126 de
586 1076 623 1124 se
644 1054 765 1123 solitus
785 1053 994 1140 praedicare,
1012 1053 1171 1121 doctores
1187 1053 1352 1122 ecclesiae
1367 1053 1458 1120 indi-

223 1172 311 1258 gnis
325 1171 440 1238 verbis
457 1172 639 1258 appellare:
654 1169 710 1238 hic
726 1169 941 1237 coadiutores
965 1168 1109 1235 famulos
1120 1188 1202 1234 suos
1214 1167 1339 1237 dicere:
1353 1168 1411 1235 hic
1422 1168 1458 1236 in

220 1286 414 1355 Germania
429 1287 697 1373 intemperanter
723 1283 821 1353 bibit:
840 1282 921 1349 hinc
936 1282 1020 1348 illud
1036 1282 1152 1350 vinum
1175 1283 1454 1352 bobadillianum:

219 1401 309 1470 lusit
329 1401 487 1470 schachis
511 1401 739 1488 impatienter:
765 1404 832 1466 hoc
855 1401 1086 1467 abutebantur
1109 1397 1265 1486 germani
1287 1397 1457 1486 principes

221 1541 288 1604 pro
300 1517 467 1599 morione,
483 1539 589 1604 quum
603 1529 718 1584 tamen
729 1516 802 1604 ipse
818 1515 962 1584 instaret
977 1537 1015 1583 se
1029 1535 1105 1583 esse
1125 1516 1218 1602 apud
1232 1513 1308 1581 illos
1324 1537 1457 1581 summa

221 1633 443 1702 auctoritate:
465 1633 522 1701 hic
542 1633 627 1701 mira
647 1631 830 1700 insolentia
855 1633 1037 1701 verborum
1057 1631 1234 1711 vtebatur,
1257 1633 1350 1698 hunc
1371 1651 1457 1717 pue-

222 1771 318 1828 rum,
335 1749 431 1815 illum
447 1748 581 1815 asinum
602 1769 741 1816 vocans:
765 1768 829 1814 nec
850 1749 914 1813 hoc
935 1745 1071 1827 mirum,
1092 1767 1199 1832 quum
1221 1749 1262 1814 Ρ.
1285 1745 1456 1833 Ignatium

222 1863 429 1951 apellauerit
443 1863 633 1950 sophistam
647 1861 848 1950 malignum,
863 1861 1181 1930 aduuslationibus
1195 1861 1372 1928 delinitum
1385 1860 1456 1926 bis-

221 1979 377 2061 cainum3
396 1979 452 2047 hic
467 1979 504 2044 in
518 1980 621 2046 domo
637 1981 813 2065 prophana
827 1975 1058 2063 concubinarij
1079 1976 1227 2044 hominis
1247 1978 1396 2043 nudatus
1411 1977 1456 2042 ad

221 2095 373 2161 abollam
394 2115 503 2180 vsque
523 2093 654 2162 ludrice
678 2103 730 2162 est
751 2091 959 2180 digladiatus
979 2113 1058 2160 cum
1079 2091 1289 2160 secularibus
1308 2090 1451 2157 homini-

221 2211 305 2278 bus.
324 2209 392 2276 Hic
409 2232 479 2276 non
494 2211 600 2278 semel
615 2207 783 2296 gloriatus
799 2219 852 2276 est
868 2231 906 2276 se
918 2207 1130 2274 sacerdotem
1142 2206 1312 2274 hominem
1325 2205 1361 2271 in
1373 2204 1437 2273 visi

221 2326 358 2393 tatione
374 2325 521 2410 quadam
537 2323 692 2412 patibulo
708 2324 940 2410 suspendisse,
958 2333 993 2389 et
1009 2324 1139 2408 absque
1155 2322 1267 2407 aliqua
1279 2322 1456 2408 dispensa-

219 2442 319 2509 tione
346 2439 484 2506 missam
508 2439 711 2508 celebrasse:
734 2439 791 2505 hic
812 2437 976 2507 ecclesiae
995 2437 1269 2505 reformationem
1290 2437 1337 2504 ita
1357 2436 1457 2504 insti-

219 2568 324 2625 tuere
339 2555 462 2622 solitus
478 2553 663 2640 aliquando
680 2565 745 2638 est,
763 2565 801 2620 vt
817 2575 988 2620 summum
1009 2552 1205 2640 pontificem
1228 2551 1457 2620 cardinalibus

218 2670 423 2739 subiiceret.

293 2787 373 2854 Alia
388 2785 542 2853 omittam
559 2786 614 2854 hic
635 2797 688 2854 sat
705 2787 824 2874 multa,
841 2797 880 2851 vt
896 2788 1073 2855 ostendam
1089 2808 1159 2853 non
1175 2783 1328 2872 potuisse
1343 2783 1455 2850 homi-

220 2925 305 2973 nem
332 2901 407 2988 alijs
435 2902 588 2970 moribus
611 2883 802 2989 praeditum
826 2913 894 2968 tam
913 2901 1075 2970 atrociter
1095 2900 1300 2971 Societatem
1320 2899 1325 2989 Ι
1345 2920 1455 2987 oppu-

218 3041 346 3106 gnare:
364 3018 455 3085 etde
467 3017 621 3104 quinque
632 3018 686 3085 his
704 3017 876 3099 Patribus
890 3027 929 3083 vt
945 3019 1050 3086 semel
1066 3016 1190 3098 dicam,
1205 3025 1278 3086 erat
1293 3015 1328 3082 in
1344 3014 1455 3083 omni-

219 3137 291 3202 bus
305 3133 491 3221 singularis
513 3133 798 3201 constitutionum
815 3144 849 3201 et
870 3131 1016 3201 instituti
1035 3131 1218 3219 ignoratio.
1241 3131 1319 3200 Fuit
1340 3141 1455 3199 autem

216 3272 349 3338 operae
365 3249 518 3335 precium
534 3259 570 3318 et
590 3249 746 3331 aliorum,
760 3249 819 3334 qui
841 3247 1054 3317 Bobadillam
1076 3249 1321 3334 sequebantur,
1343 3267 1456 3315 mores

216 3365 338 3450 aliqua
354 3387 397 3433 ex
412 3375 510 3451 parte
525 3365 648 3444 notari,
670 3367 678 3398 ¹
693 3375 730 3431 vt
746 3366 861 3431 nullus
881 3364 1025 3432 miretur
1040 3363 1070 3429 si
1085 3362 1133 3428 illi
1151 3367 1270 3430 Patres
1285 3362 1366 3430 huic
1386 3365 1453 3429 Bo-

219 3480 371 3549 badillae
386 3479 590 3548 sententiam
612 3491 849 3566 sequerentur;
867 3490 903 3548 et
923 3491 1037 3546 tamen
1058 3501 1129 3546 non
1152 3479 1271 3546 fraudo
1293 3477 1368 3545 illos
1384 3477 1456 3544 suis

220 3595 397 3676 laudibus,
412 3617 452 3662 ac
468 3618 512 3662 ne
529 3596 738 3663 Bobadillam
756 3597 906 3682 quidem.

290 3714 346 3780 De
361 3713 402 3778 Ρ.
418 3710 604 3778 Paschasio
616 3721 669 3779 sat
685 3711 741 3795 sit,
756 3714 848 3805 quod
863 3712 1021 3800 superius
1038 3711 1122 3794 dixi,
1139 3710 1301 3798 appellari
1317 3711 1455 3778 solitum

219 3852 243 3895 a
261 3831 304 3895 Ρ.
324 3813 457 3914 Ignatio
473 3828 636 3914 angelum
653 3827 834 3896 Societatis
849 3839 988 3916 propter
1007 3826 1158 3894 hominis
1178 3825 1387 3914 singularem
1399 3826 1454 3893 in·
1482 3849 1483 3852 ¹

221 3942 432 4012 nocentiam.

292 4059 333 4124 Ρ.
356 4056 475 4127 Simon
496 4080 660 4146 magnum
681 4059 796 4126 attulit
818 4061 966 4128 fructum
988 4060 1024 4128 in
1048 4057 1272 4146 Portugallia:
1295 4058 1368 4144 ipse
1390 4057 1453 4124 luit

219 4172 358 4240 initium
374 4173 460 4241 illud
474 4175 647 4243 excellens
663 4175 798 4262 collegij
812 4175 1104 4244 conimbricensis

265 4288 324 4356 95
339 4291 380 4356 Ρ.
401 4289 582 4357 Bobadilla
597 4289 633 4356 in
650 4291 836 4360 Germania
851 4293 971 4372 multa,
990 4313 1058 4359 non
1074 4293 1188 4359 solum
1209 4289 1373 4378 pericula,
1393 4291 1455 4359 sed

220 4405 368 4471 verbera
382 4403 485 4472 etiam
501 4407 608 4473 semel
623 4407 667 4473 ab
687 4407 868 4476 haereticis
882 4429 1004 4495 passus
1019 4417 1083 4476 est.
1108 4404 1322 4474 Contradixit
1341 4426 1454 4474 nouae

222 4517 423 4529 ————..

277 4563 287 4596 ¹
324 4564 377 4634 M,
398 4566 518 4620 notaui.
542 4563 639 4621 Aliter
659 4567 734 4622 hanc
756 4567 934 4623 sententiam
947 4567 1028 4640 prius
1041 4574 1228 4638 expresserat
1249 4565 1375 4637 Natalis,
1388 4566 1453 4636 sed,

222 4653 345 4709 mutatis
355 4653 420 4710 aliis
432 4655 543 4724 verbis,
557 4657 612 4712 hoc
625 4673 662 4711 ex
675 4657 823 4713 oblivione
837 4673 895 4712 non
908 4656 1087 4714 emendavit.
