3544 5390
719 518 885 573 Appuunrx
1359 531 1410 589 551

186 679 262 735 toto
278 689 321 734 eo
338 680 490 756 ternpore
507 671 707 740 studuerim.
729 675 853 740 Postea
869 672 918 738 lui
931 670 1087 740 Lutetiae
1108 671 1165 757 xxj
1183 691 1318 740 menses
1334 673 1414 757 plus

188 757 316 838 minus,
335 758 393 826 vbi
413 760 529 825 studui
552 760 751 840 medicinae,
778 761 1025 827 mathematicis
1047 771 1082 826 et
1106 781 1249 847 graecae
1271 760 1414 846 linguae

189 845 302 932 magis
318 868 361 912 ex
376 849 540 933 professo,
558 848 729 916 interdum
746 849 847 917 etiam
867 848 1110 936 philosophiae.
1137 852 1261 916 Postea
1278 849 1326 914 tui
1342 851 1413 916 Lo

190 935 283 1020 uanij
304 947 371 1001 tres
387 957 505 1016 annos,
520 937 637 1040 paucis
649 937 770 1009 diebus
783 938 906 1017 minus,
921 939 977 1004 vbi
990 939 1061 1004 lere
1072 938 1222 1004 studium
1239 937 1412 1023 priuatim,

190 1024 374 1108 aliquando
390 1046 524 1110 graece,
541 1025 723 1111 aliquando
738 1026 853 1106 latine,
876 990 1057 1112 aliquando
1072 1026 1330 1105 mathematicis,
1349 1027 1414 1092 ali-

190 1113 331 1198 quando
347 1113 447 1178 simul
463 1114 575 1200 aliqua
591 1138 633 1182 ex
649 1115 713 1194 his,
732 1116 914 1199 aliquando
930 1116 1025 1182 nihil
1046 1118 1221 1182 Postrema
1242 1111 1411 1182 vniuersi-

193 1214 245 1267 tas
263 1201 327 1266 tuit
342 1203 634 1283 Salamantica,1n
654 1225 722 1288 qua
741 1204 889 1272 sedecim
910 1225 1044 1271 menses
1064 1205 1141 1290 plus
1162 1203 1274 1269 minus
1295 1203 1412 1268 studui
1439 1225 1441 1232 ’

190 1289 294 1356 simul
311 1290 510 1370 medicinae,
529 1313 674 1378 graecae
689 1293 851 1394 linguae,
856 1304 891 1359 et
908 1292 1164 1359 mathematicis
1189 1293 1341 1359 Tandem
1364 1290 1414 1356 fui

191 1379 377 1446 Cordubae
393 1381 479 1445 duos
495 1403 602 1448 annos
618 1381 806 1448 inseruiens
822 1381 853 1448 ei
870 1381 996 1460 comiti,
1011 1383 1133 1467 dequo
1150 1381 1305 1466 superius
1328 1380 1410 1459 dixi,

191 1467 251 1532 ubi
269 1467 371 1532 etiam
388 1490 642 1555 nonnumquam
659 1472 781 1536 dabam
794 1491 929 1555 operam
942 1473 1045 1538 rebus
1057 1468 1314 1538 mathematicis
1332 1473 1417 1535 Post

192 1556 388 1641 ingressum
406 1557 438 1621 in
456 1557 660 1626 Societatem
679 1559 751 1623 sui'
743 1579 779 1625 m
793 1558 935 1644 collegio
952 1580 1091 1625 romano
1106 1559 1265 1626 tredecim
1273 1579 1416 1624 menses

193 1643 313 1730 paucis
329 1647 404 1730 plus
420 1647 552 1712 diebus.
572 1649 622 1712 Eo
639 1658 790 1732 tempore
806 1647 984 1715 audiebam
1006 1647 1253 1733 philosophiam
1270 1645 1413 1732 amagi·

193 1744 265 1799 stro
284 1733 482 1813 Benedict0,
501 1757 521 1801 a
536 1738 579 1802 D
596 1737 719 1802 Torres
732 1735 899 1803 theoricas
910 1738 1121 1837 planetarum
1138 1739 1173 1802 et
1189 1736 1354 1836 quaedam
1371 1736 1415 1801 de

194 1821 325 1888 fabrica
339 1823 605 1908 horologiorum.
624 1826 661 1889 ln
678 1827 742 1890 hoc
758 1825 902 1910 collegio
923 1824 1098 1892 viennensi
1121 1823 1169 1890 fui
1185 1825 1286 1909 paulo
1302 1823 1416 1888 minus

194 1932 299 1994 quarn
316 1912 403 1976 duos
418 1933 526 1978 annos
541 1933 619 1977 cum
636 1911 786 1997 quinque
803 1913 988 1980 mensibus:
1007 1913 1122 1979 audiui
1142 1935 1232 1978 anno
1248 1911 1414 1996 superiori

194 2021 298 2064 vnam
316 1998 497 2066 lectionem
513 2001 705 2087 theologiae
721 2025 762 2069 ex
777 2022 807 2085 3.
813 2000 936 2087 parte
948 2003 1058 2068 sancti
1070 2003 1232 2081 Thomae,
1247 2004 1311 2066 hoc
1325 2021 1416 2066 anno

193 2087 313 2154 audiui
329 2087 510 2172 aliquando
526 2111 626 2154 vnam
642 2089 820 2158 lectionem
838 2113 880 2156 ex
900 2089 1005 2175 prima
1022 2102 1117 2176 parte
1137 2103 1171 2156 et
1191 2092 1356 2174 quaedam
1373 2110 1416 2154 err

194 2175 296 2242 tertia
317 2178 361 2242 de
381 2179 639 2244 sacramentis...
665 2181 722 2245 Vl.
747 2178 918 2264 Compluti
940 2179 988 2243 lui
1009 2189 1183 2265 promotus
1205 2179 1247 2244 ad
1270 2179 1415 2263 gradum

192 2266 508 2332 bacchalaureatus.
528 2267 609 2333 Ad
600 2267 885 2355 interrogationes
902 2280 1169 2352 praeceptorum.
1188 2267 1242 2335 Ad
1259 2267 1414 2352 primam.

192 2353 328 2438 Quinto
345 2376 461 2421 mense
477 2365 654 2455 postquam
673 2368 830 2442 receptus
847 2355 894 2421 toi
911 2358 953 2421 ad
970 2357 1187 2435 Societatem,
1206 2359 1273 2420 hoc
1290 2365 1353 2434 est,
1372 2355 1416 2420 ab

193 2441 276 2507 hinc
292 2441 401 2508 tribus
417 2443 515 2510 annis
531 2465 609 2510 cum
626 2443 777 2528 quinque
792 2443 966 2512 mensibus
984 2446 1065 2523 lere,
1084 2467 1159 2510 sum
1175 2445 1289 2509 iussus
1300 2445 1416 2529 legere

195 2530 372 2597 Euclidem
395 2533 537 2612 Rornae,
560 2543 595 2600 et
614 2533 684 2618 legi
708 2555 750 2599 ex
771 2555 813 2600 eo
834 2533 979 2618 primum
1000 2544 1035 2600 et
1061 2535 1249 2599 secundum
1277 2531 1413 2597 librum.

194 2603 331 2686 Deinde
351 2619 504 2686 Viennae
524 2620 593 2706 legi
609 2623 801 2706 perdecem
823 2644 969 2703 menseS,
988 2622 1104 2706 paucis
1121 2622 1241 2688 diebus
1258 2619 1415 2705 ampliuS,

195 2707 407 2775 dialecticam
430 2707 612 2776 Titelmani
633 2721 737 2775 totam
764 2721 798 2776 et
819 2709 1012 2776 Aristotelis
1031 2731 1140 2794 vsque
1165 2712 1207 2776 ad
1228 2708 1417 2795 posteriora

195 2796 386 2874 exclusiue,
401 2808 435 2864 et
448 2808 517 2863 tres
528 2797 631 2864 libros
642 2798 803 2878 Euclidis,
819 2799 930 2864 minus
942 2811 1087 2882 quatuor
1099 2809 1158 2864 aut
1170 2799 1319 2898 quinque
1336 2819 1416 2882 pro-

196 2883 440 2972 positionibus.
458 2887 561 2952 Anno
577 2887 743 2972 superiori
764 2887 832 2972 legi
854 2888 988 2953 duabus
1007 2887 1238 2954 lectionibus
1229 2909 1264 2952 rn
1285 2889 1417 2952 mathe-

197 2973 334 3052 matica,
353 2996 412 3040 sex
430 2974 533 3040 libros
549 2975 709 3056 Euclidis,
729 2976 878 3042 libellum
895 2979 1049 3061 spherae,
1063 2997 1161 3041 vsum
1174 2976 1269 3062 globi
1282 2995 1418 3040 cosmo·

196 3061 353 3162 graphici
370 3074 404 3127 et
420 3063 606 3149 astrolabij,
624 3065 705 3130 item
718 3076 917 3150 computum
933 3064 1212 3146 ecclesiasticum
1230 3066 1273 3130 de
1290 3063 1419 3129 fabrica

197 3150 471 3251 horologiorum,
494 3162 528 3219 et
548 3088 760 3218 arithmetica
784 3155 949 3238 quaedam
971 3164 1005 3220 et
1025 3153 1170 3238 primum
1196 3117 1317 3219 librum
1340 3175 1419 3254 per—

196 3238 372 3326 spectiuae
388 3241 590 3308 communis.
609 3241 685 3307 Hoc
702 3263 792 3308 anno
807 3241 875 3328 legi
893 3245 1058 3308 hactenus
1073 3264 1140 3308 vna
1151 3241 1296 3308 lectione
1312 3237 1420 3324 vsqu'e

196 3330 243 3395 ad
266 3327 423 3412 quintum
448 3328 569 3394 librum
593 3329 791 3412 Euclidis,
782 3351 816 3394 tn
841 3352 908 3414 quo
932 3352 1024 3396 nunc
1047 3353 1174 3408 versor,
1200 3342 1235 3396 et
1258 3351 1418 3414 magnam

197 3427 329 3502 partem
342 3417 574 3486 arithmeticae
586 3419 754 3520 practicae
766 3421 942 3487 Gemmae.
962 3421 1001 3485 ll.
1017 3419 1231 3486 Mediocriter
1243 3439 1298 3483 me
1310 3418 1421 3486 sentio

196 3505 372 3584 idoneum,
391 3516 556 3589 quantum
573 3507 615 3572 ad
628 3529 681 3574 me
693 3507 825 3587 attinet,
840 3509 882 3573 ad
895 3507 1121 3594 profitendum
1134 3507 1419 3586 mathematicam;

198 3605 367 3695 quantum
389 3597 431 3660 ad
453 3595 625 3696 auditores
645 3617 737 3676 vero,
756 3595 905 3681 ipsorum
921 3607 973 3662 est
992 3597 1166 3662 iudicium.
1186 3597 1263 3662 Non
1281 3607 1349 3660 tam
1366 3617 1421 3662 me

199 3682 313 3751 sentio
329 3693 520 3768 promotum
538 3707 579 3750 ex
597 3685 650 3768 ijs,
668 3706 756 3768 quae
772 3686 851 3770 lego
867 3695 1031 3770 quantum
1050 3687 1190 3751 fortasse
1203 3697 1302 3770 puter
1316 3685 1421 3749 debe-

198 3792 249 3838 re.
269 3771 417 3837 Causam
434 3773 536 3839 credo
552 3792 640 3855 esse,
659 3773 738 3856 quia
754 3795 822 3838 non
838 3775 917 3858 lego
933 3774 1037 3852 varia,
1053 3783 1087 3841 et
1100 3776 1170 3841 lere
1177 3771 1339 3874 priuatim
1353 3793 1422 3874 non

198 3856 323 3926 studeo
339 3860 415 3938 alia,
430 3883 531 3945 quam
544 3881 631 3946 quae
644 3863 684 3926 ad
699 3863 862 3929 lectiones
874 3861 1087 3946 quotidianas
1101 3861 1282 3947 pertinent,
1296 3871 1331 3926 et
1343 3859 1422 3945 quia

200 3971 303 4034 saepe
319 3948 368 4013 tui
385 3911 567 4016 distractus
583 3951 626 4015 ad
642 3951 704 4016 alia
728 3950 830 4036 longe
851 3951 998 4030 diuersa,
1017 3962 1051 4018 et
1072 3950 1150 4036 quia
1171 3949 1253 4014 nihil
1273 3949 1422 4030 deline0,

199 4059 313 4123 neque
330 4037 418 4102 facio
434 4038 570 4122 aliqua
562 4049 799 4118 instrumenta,
818 4039 940 4124 quod
932 4039 1095 4124 imprimis
1115 4039 1249 4105 videtur
1270 4061 1346 4106 esse
1360 4061 1423 4105 ne-

199 4125 385 4194 cessarium
402 4124 446 4202 ei,
466 4127 523 4211 qui
539 4127 628 4195 serio
644 4139 734 4195 esset
748 4130 963 4213 professurus
979 4128 1263 4208 mathematicam,
1282 4137 1316 4192 et
1332 4127 1366 4192 in
1384 4148 1425 4193 ea

197 4215 374 4301 proficere:
394 4217 553 4298 adquam
572 4238 642 4282 rem
663 4229 716 4282 est
736 4217 977 4296 necessarium,
995 4228 1135 4303 propter
1155 4216 1228 4284 eius
1248 4214 1423 4301 prolixita-

197 4313 265 4372 tem
295 4314 329 4369 et
349 4304 599 4386 morositatem,
626 4305 765 4390 aliquod
788 4305 935 4390 speciale
959 4317 1091 4390 tempus
1114 4305 1257 4371 liberum
1283 4305 1326 4370 ab
1350 4303 1426 4389 alijs

199 4391 334 4476 studijs,
354 4394 445 4476 quod
468 4394 556 4460 forte
573 4415 640 4460 non
664 4393 763 4460 facile
784 4395 937 4475 credant,
956 4393 1014 4477 qui
1035 4414 1103 4458 non
1127 4405 1207 4460 sunt
1229 4393 1372 4480 experti,
1390 4403 1426 4460 et

159 4497 168 4512 ·
199 4480 258 4564 qui
275 4482 386 4546 solum
400 4481 656 4549 considerarent
667 4501 769 4566 quam
783 4483 882 4550 facile
894 4483 1145 4569 intelliguntur,
1159 4504 1246 4566 quae
1258 4481 1323 4547 iarn
1337 4483 1426 4548 sacta

201 4582 283 4635 sunt
300 4569 335 4634 in
357 4573 421 4634 hac
441 4580 526 4649 arte,
545 4571 611 4636 alio
632 4573 788 4640 docente.
812 4572 957 4640 Accedit
978 4574 1019 4638 ad
1042 4575 1138 4651 haec,
1157 4572 1248 4655 quod
1268 4571 1426 4637 videbam

203 4677 333 4743 paucos
353 4678 429 4725 esse
450 4661 590 4726 affectos
611 4661 653 4726 ad
674 4663 762 4728 hanc
782 4673 906 4739 artem,
929 4671 963 4728 et
983 4662 1077 4745 quod
1096 4660 1287 4726 iudicabam
1308 4681 1427 4746 parum
