3634 5396
434 433 488 490 666
897 433 1005 488 Enisa.
1025 431 1060 485 P.
1085 430 1198 490 Naum

435 586 543 654 eidem
560 583 760 653 breuissime
775 583 993 652 declararem.
1013 584 1066 650 Ac
1083 583 1167 649 illud
1183 582 1335 670 inprimis
1356 604 1441 670 rogo
1457 593 1492 652 et
1511 585 1642 651 obsecro

434 677 511 741 aT.
534 674 618 741 Rda.
640 674 680 740 P.
699 682 743 756 ‚ut
769 671 959 759 predictum
988 674 1125 740 Patrem
1153 675 1196 740 D.
1219 671 1408 754 Canisium,
1433 674 1533 740 rebus
1552 673 1641 740 isthic

436 762 599 832 foeliciter
614 761 778 842 confectis
798 761 841 827 ad
865 759 928 829 Dei
949 760 1192 847 omnipotentis
1218 759 1374 848 gloriam,
1400 764 1467 827 huc
1483 763 1592 828 statim
1605 764 1643 828 ad

435 873 532 918 suam
555 871 712 931 messem,
731 871 875 935 eamque
891 847 954 918 Dei
982 870 1122 917 munere
1146 849 1362 932 uberrimam,
1386 849 1546 929 remittat,
1565 861 1599 917 ut
1613 864 1643 919 et

435 963 519 1009 oues
534 940 600 1007 iam
617 938 653 1004 in
665 938 792 1007 Christi
807 939 898 1007 ouile
913 939 1075 1006 reductae
1085 949 1344 1017 conseruentur,
1359 948 1394 1004 et
1404 940 1564 1006 seductae
1574 940 1642 1026 plu-

435 1052 489 1097 res
505 1028 657 1115 quotidie
673 1029 715 1094 ad
731 1027 821 1095 idem
837 1026 927 1095 ouile
941 1026 1104 1094 foeliciter
1116 1028 1336 1094 reducantur.
1358 1027 1643 1106 utinamutinam

435 1139 518 1185 uero
534 1121 696 1204 Augusta
711 1126 826 1183 nostra
842 1117 956 1202 plures
968 1137 1010 1182 ex
1022 1117 1087 1184 hac
1099 1115 1246 1182 nominis
1257 1117 1338 1204 Jesv
1354 1125 1472 1182 sancta
1483 1116 1643 1184 Societate

436 1207 591 1292 accipiat,
614 1205 901 1291 quemadmodum
927 1204 1024 1272 breui
1044 1204 1182 1289 quidem
1207 1206 1278 1271 fore
1300 1205 1399 1271 ualde
1422 1227 1595 1292 speramus
1613 1205 1643 1270 in

436 1295 594 1378 Domino,
613 1294 671 1381 qui
687 1292 866 1360 auxiliator
885 1303 938 1360 est
953 1293 989 1358 in
1010 1303 1161 1378 tempore
1184 1303 1362 1379 oportuno.
1386 1293 1531 1373 Deinde,
1553 1314 1642 1378 quam

436 1405 574 1471 possum
589 1383 746 1462 maxime,
765 1393 858 1448 tuam
874 1383 995 1448 Rdam.
1016 1382 1258 1450 paternitatem
1271 1392 1423 1468 rogatam
1436 1392 1472 1450 e't
1483 1393 1643 1448 exoratam

437 1471 550 1552 uelim,
568 1482 608 1538 ut
624 1470 690 1538 mei
707 1469 905 1558 peccatricis
921 1469 1074 1551 miserae,
1094 1491 1133 1537 ac
1149 1470 1308 1556 precipue
1323 1469 1432 1536 mariti
1453 1471 1520 1536 mei
1536 1470 1570 1535 in
1584 1471 1643 1537 fide

393 1567 396 1574 ’
436 1562 548 1628 adhuc
564 1580 632 1626 non
648 1559 730 1626 satis
742 1558 944 1639 confirmati,
958 1580 999 1624 ac
1010 1560 1146 1627 demum
1159 1558 1305 1624 filiorum
1317 1568 1523 1638 nostrorum,
1538 1560 1570 1624 in
1581 1561 1643 1624 col-

391 1703 404 1732 ,
435 1649 526 1736 legio
538 1648 684 1716 maxime
700 1646 896 1734 germanico
913 1647 1133 1727 uersantium,
1152 1657 1188 1715 et
1206 1647 1313 1713 totius
1329 1647 1542 1734 Fuggericae
1558 1647 1644 1712 fami-

436 1739 512 1814 liae,
530 1759 659 1805 memor
674 1757 750 1803 esse
765 1736 925 1824 dignetur
942 1735 978 1802 in
993 1735 1063 1802 suis
1080 1747 1115 1803 et
1129 1757 1270 1804 suorum
1287 1736 1560 1802 charissimorum
1575 1759 1643 1822 pre·

436 1827 533 1893 cibus
549 1837 583 1894 et
599 1823 819 1892 sanctissimis
834 1824 1008 1892 sacrificiis
1024 1846 1085 1910 pro
1100 1823 1200 1891 solito
1215 1824 1274 1893 illo
1287 1825 1468 1894 Societatis
1484 1824 1641 1892 instituto.

436 1919 616 1983 Praeterea
631 1914 674 1981 de
689 1913 919 1980 contractibus
935 1912 1110 1993 usurariis,
1132 1913 1257 1997 quibus
1277 1913 1405 1980 isthaec
1426 1925 1542 1980 nostra
1557 1912 1642 1979 fami-

434 2004 480 2070 lia
492 2023 560 2071 non
572 2024 691 2088 parum
703 2001 832 2071 irretita
844 2013 908 2085 est,
923 2000 1100 2068 consilium
1113 2003 1261 2070 salutare
1271 2001 1399 2086 aliquot
1409 2001 1641 2079 desideramus,
1728 2069 1732 2082 ,

436 2092 464 2158 si
481 2093 567 2159 forte
584 2089 750 2158 Dominus
765 2101 902 2159 moueat
917 2091 1019 2156 corda
1035 2101 1238 2170 nostrorum,
1258 2100 1296 2155 ut
1312 2091 1494 2176 aliquando
1510 2092 1552 2156 de
1567 2090 1643 2160 seria

368 2247 374 2260 ,
436 2179 645 2267 poenitentia
668 2179 831 2266 cogitent,
855 2201 898 2246 ne
919 2179 1067 2263 alioquin
1093 2199 1216 2266 corpus
1238 2179 1339 2246 simul
1358 2190 1393 2246 et
1414 2179 1560 2247 animam
1575 2199 1642 2246 curn

434 2269 586 2337 externis
602 2268 674 2335 istis
689 2267 800 2350 bonis,
818 2288 906 2352 quae
927 2267 1023 2354 parui
1045 2279 1124 2333 sunt
1145 2288 1226 2334 sane
1249 2267 1423 2348 momenti,
1448 2269 1582 2336 tandem
1596 2267 1642 2333 in-

437 2357 600 2426 foeliciter
626 2356 831 2422 amittamus.
866 2358 994 2424 Verum
1022 2357 1065 2421 de
1091 2355 1144 2422 his
1171 2356 1283 2423 fusius
1306 2367 1340 2425 et
1367 2358 1411 2424 de
1437 2355 1513 2423 aliis
1540 2355 1642 2422 multis

437 2449 478 2514 R.
498 2449 537 2512 P.
569 2449 612 2512 D.
641 2445 798 2512 Canisius
825 2466 937 2512 coram
964 2444 1156 2530 explicabit.
1187 2445 1309 2529 Neque
1335 2445 1542 2527 dubitamus,
1571 2443 1642 2529 quin

436 2536 521 2602 Rda.
543 2534 734 2601 Paternitas
751 2543 809 2600 tua
825 2532 898 2619 piae
914 2544 1050 2600 nostrae
1067 2532 1231 2619 petitioni,
1250 2534 1406 2620 quamuis
1422 2534 1510 2600 forte
1530 2535 1644 2618 impor-

436 2633 552 2704 tunae,
567 2622 762 2689 satisfaciet.
777 2624 848 2689 Nos
862 2621 1009 2688 uicissim
1022 2620 1184 2691 Societati
1196 2622 1275 2688 huic
1287 2631 1436 2702 sanctae,
1446 2643 1488 2688 ac
1501 2620 1644 2690 christia-

435 2712 552 2778 nitatis
563 2710 822 2791 conseruatrici,
845 2733 909 2777 nos
936 2720 1026 2776 totos
1052 2711 1225 2778 offerimus
1240 2711 1276 2778 in
1292 2712 1428 2780 Christo
1444 2710 1600 2790 Domino,
1615 2721 1645 2776 et

433 2823 571 2868 oramus
587 2801 710 2867 iterum
726 2800 761 2864 in
777 2799 926 2878 Christo,
946 2800 1030 2868 Rde.
1048 2802 1160 2880 Pater,
1179 2809 1217 2864 ut
1240 2811 1453 2886 augustanae
1471 2800 1598 2878 messis,
1614 2807 1643 2864 et

369 2891 372 2898 '
435 2900 628 2956 nostrorum
645 2889 710 2955 iam
727 2887 999 2974 supradictorum
1020 2907 1149 2954 memor
1164 2909 1238 2955 esse
1258 2888 1433 2974 dignetur.
1460 2891 1642 2975 Augustae,

436 2995 477 3062 25
496 2977 624 3063 Aprilis
645 2979 739 3061 1565.

501 3069 572 3132 Eur
586 3067 657 3132 und
673 3067 734 3132 der
760 3064 989 3132 Gesellschaft
1011 3066 1095 3153 Jesu
1111 3065 1259 3131 redliche
1279 3067 1286 3097 ¹
1305 3063 1483 3132 dienerin¹
1503 3065 1571 3132 und
1587 3084 1642 3150 ge-

435 3156 592 3222 horsame
613 3156 754 3222 dochter

583 3323 585 3330 ¹
1092 3243 1242 3311 Ursum
1265 3243 1471 3308 Fuoosnrn.

501 3332 685 3416 Inscriptio
701 3332 739 3394 in
756 3334 880 3416 quarta
892 3331 1041 3416 pagina:
1055 3333 1250 3398 Admodum
1267 3332 1354 3396 Rdo.
1377 3329 1411 3395 in
1428 3331 1565 3397 Christo
1585 3331 1643 3395 Pa·

435 3419 490 3499 tri,
513 3422 601 3486 Dno.
631 3421 660 3486 F
662 3418 814 3486 rancisco
841 3419 884 3484 de
907 3419 1035 3506 Burgia
1062 3418 1133 3507 [sic]
1154 3419 1281 3486 vicario
1300 3419 1450 3505 generali
1475 3416 1643 3488 Societatis

428 3511 524 3595 Jesv:
543 3511 681 3576 Romae.
701 3509 782 3573 Alia
796 3529 915 3572 manu:
936 3507 1030 3591 1565.
1050 3511 1224 3595 Augusta.
1247 3510 1319 3577 ssa
1338 3509 1463 3575 Ursula
1480 3509 1625 3575 Fuchera

436 3612 476 3679 25
495 3595 633 3682 Aprilis.
652 3597 771 3683 Sigilli
786 3597 982 3682 vestigium.
1286 3627 1293 3639 ·’

436 3747 646 3757 -ῌ-

490 3831 497 3861 ¹
535 3825 670 3885 Obscure
683 3833 847 3882 exaratum.

388 3929 392 3938 -
488 3903 499 3932 ¹
537 3899 773 3968 Ms.,deinorin.
