3604 5380
634 431 668 488 27
688 419 874 477 Noviumtus
895 434 906 478 ι
911 423 963 492 562
1362 424 1414 496 153

179 568 212 636 le
227 569 284 637 izo
299 571 393 638 buen
405 569 544 656 tlempo.
559 572 613 636 En
628 572 662 637 lo
677 572 794 640 demis
806 575 849 642 de
860 575 894 642 la
908 574 1079 661 prouintia
1091 577 1172 644 todo
1184 598 1246 663 por
1257 579 1290 645 la
1302 577 1413 664 gratia

180 686 236 754 del
253 687 368 756 Serlor
383 707 449 751 uaa
464 684 554 752 bien.
575 686 779 773 Esperamos
795 711 838 756 en
853 691 885 756 el
901 711 968 775 que
983 691 1027 759 de
1043 694 1123 758 todo
1135 713 1240 777 saque
1251 715 1293 759 su
1305 691 1412 760 maior

180 799 300 888 gloria.
315 802 371 869 No
382 821 421 868 se
435 779 550 869 ofr'ece
565 822 645 868 aora
659 809 734 870 mis
752 823 820 888 que
839 805 992 887 escriuir,
1011 828 1077 891 que
1089 829 1132 874 en
1151 809 1185 874 la
1195 818 1313 875 sancta
1324 809 1412 878 ben-

180 915 289 984 dition
301 917 346 983 de
362 917 406 982 V.
426 917 467 982 R.
486 918 610 982 mucho
626 939 671 985 en
685 919 718 985 ol
733 919 844 988 Sefior
858 942 921 988 nos
941 922 1236 991 encomendamos.
1259 925 1294 992 A
1310 939 1351 1007 25
1367 925 1412 994 de

180 1033 392 1111 Nouembm,
415 1031 510 1114 1562.
529 1032 574 1098 D.
593 1032 637 1099 V.
657 1035 699 1100 R.
717 1031 860 1122 indigno
875 1035 946 1122 hijo
962 1060 1004 1106 en
1022 1037 1054 1106 el
1070 1040 1193 1121 Setlor,

908 1241 1086 1320 Gouctco
1110 1244 1225 1310 sz.

243 1381 432 1465 Inscriptio
448 1381 486 1446 in
502 1387 628 1467 quarto
638 1383 788 1469 pagina:
804 1381 826 1469 †
842 1381 888 1448 Al
904 1405 986 1468 muy
1002 1385 1089 1451 Rdo.
1109 1386 1220 1452 Padre
1237 1407 1281 1454 en
1297 1385 1362 1453 X.⁰
1375 1386 1409 1454 el

179 1498 218 1562 P.
236 1499 336 1564 Mtte
353 1495 528 1584 Jcronimo
545 1497 654 1564 Nadal
670 1493 858 1585 co[misario
873 1497 1024 1588 gelneral
1039 1500 1082 1567 de
1098 1501 1129 1567 la
1146 1501 1336 1588 Compafila
1352 1500 1408 1589 [de

175 1611 300 1700 Jesusl,
319 1612 432 1679 donde
448 1611 544 1697 quiet
559 1611 766 1696 questiuiere
782 1609 854 1704 [sic]
871 1614 1010 1680 Notolis
1026 1637 1146 1682 manu:
1158 1616 1180 1704 †
1194 1619 1248 1685 No
1261 1619 1328 1702 hay
1340 1637 1409 1702 que

180 1728 376 1814 respondet.
395 1727 476 1793 Alio
491 1731 539 1812 (t)
554 1749 674 1794 manu:
694 1728 789 1812 1562.
805 1727 923 1795 Mami
938 1731 1108 1818 sigillum.

747 2001 830 2063 ⁰23!

478 2147 522 2210 P.
549 2145 901 2214 HIERONYMUS
925 2147 1106 2216 NADAL

557 2301 678 2358 psum
697 2301 853 2374 Jccosso
872 2303 1018 2358 Lmuuz

499 2457 945 2516 ouu1rourc,271uovssunms
966 2448 1034 2516 1562
1055 2451 1075 2502 ¹.

175 2591 198 2630 ι.
216 2577 366 2649 Exemplo
389 2575 570 2649 regularum
589 2575 806 2648 postulat-2.
824 2577 877 2641 Iis,
895 2579 949 2648 qui
960 2579 994 2632 in
1009 2577 1210 2633 Germaniam
1224 2581 1400 2651 mittantur,

223 2684 285 2721 non
298 2666 519 2722 declarandum
531 2681 590 2720 esse
603 2663 748 2737 officium,
761 2667 795 2720 in
807 2683 865 2737 quo
874 2669 1041 2740 occupandi
1050 2669 1186 2739 sint—3.
1199 2669 1244 2724 De
1248 2669 1402 2740 securitate

225 2755 400 2810 absolvendi
411 2755 449 2808 ob
460 2755 587 2818 haeresi,
602 2757 659 2809 etc.

239 2892 298 2956 Ee
312 2890 451 2976 epistole
466 2889 527 2954 snb
542 2909 577 2956 n.
605 2906 626 2954 2
629 2905 671 2971 34
685 2889 798 2974 posito
814 2893 908 2974 patet
927 2889 982 2955 die
997 2905 1040 2972 27
1063 2892 1265 2958 Novembris
1282 2895 1396 2960 Noto-

175 3007 237 3072 lem
257 3007 434 3093 scripsisse
449 3005 495 3070 ad
511 3007 555 3071 P.
574 3006 707 3072 Loinez
721 3005 762 3070 tte
777 3007 888 3070 variis
907 3007 1064 3092 negotiis,
1082 3027 1167 3092 quae
1187 3009 1226 3074 in
1241 3012 1398 3095 sequenti

175 3124 312 3208 epistola
328 3121 486 3200 Polonci,
504 3141 548 3185 ex
562 3119 808 3201 commissione,
827 3120 872 3184 od
888 3123 933 3186 P.
953 3122 1096 3186 Modrid
1111 3123 1331 3211 referuntur:

242 3255 273 3304 1.
324 3239 426 3304 «Pax
448 3237 639 3302 Chri-El
659 3237 704 3302 P.
727 3237 816 3303 mro
844 3237 961 3302 Nodol
988 3240 1118 3304 escriue
1145 3261 1209 3324 que
1236 3240 1327 3306 halla
1355 3262 1398 3308 en

176 3355 341 3420 Alemone
351 3353 449 3442 sotto
464 3351 504 3416 de
520 3351 572 3416 los
588 3351 706 3438 regios
721 3351 763 3416 de
778 3351 826 3416 tos
840 3352 968 3437 officios
983 3353 1024 3417 de
1039 3374 1129 3435 coso,
1145 3376 1237 3420 como
1257 3356 1297 3420 de
1313 3355 1396 3442 refi-

176 3469 285 3550 tolero,
301 3467 513 3553 comprodor,
529 3468 694 3546 coninero,
705 3473 855 3552 portem,
871 3472 979 3552 etc.;y
995 3469 1049 3532 osi
1065 3469 1150 3534 cado
1170 3491 1239 3535 uteo
1255 3469 1340 3535 haze
1354 3493 1397 3537 su

175 3605 316 3650 monera
331 3583 372 3649 de
388 3583 516 3670 regios,
537 3583 556 3646 ό
575 3603 648 3647 non
662 3587 730 3666 por
750 3581 935 3647 tradicion:
952 3605 975 3668 y
996 3583 1049 3647 osi
1069 3583 1167 3650 deseo
1188 3607 1250 3671 que
1271 3592 1400 3672 quanto

175 3700 248 3766 mo's
258 3704 373 3784 presto
390 3719 426 3764 se
437 3697 552 3783 pnedo
566 3718 602 3763 se
619 3697 794 3783 teymbien
812 3697 907 3763 todos
928 3699 980 3763 los
1000 3699 1118 3786 regios
1138 3699 1179 3765 de
1199 3701 1247 3767 los
1269 3701 1397 3788 officios

175 3836 237 3901 que
251 3836 285 3882 se
300 3817 413 3882 tienen
425 3835 468 3879 en
481 3814 634 3898 Romo‚y
646 3835 691 3878 no
701 3813 770 3878 solo
782 3813 835 3878 tus
849 3814 1074 3900 estompodos,
1091 3836 1168 3882 mos
1183 3818 1398 3904 cuntosque

175 3951 219 3996 no
241 3931 384 3996 loson'.
405 3930 452 3995 N.
473 3931 533 3996 Pe
555 3929 660 3993 siente
676 3947 740 4014 que
755 3927 835 3993 sele
858 3928 971 3994 denen
991 3929 1144 4014 ymbior:
1158 3953 1181 4017 y
1199 3933 1254 3997 osi
1283 3935 1319 4000 V.
1347 3935 1393 4001 R.

228 4187 238 4218 ¹
271 4183 315 4238 Ex
331 4183 501 4254 archetypo,
522 4180 553 4235 in
574 4177 644 4237 coo.
666 4179 758 4244 PLB,
777 4178 888 4252 duplici
906 4178 975 4250 fol.,
995 4179 1028 4249 85
1047 4179 1135 4250 (383).
1160 4181 1344 4255 Subscriptio
1363 4193 1395 4240 et

176 4287 264 4343 pauca
275 4274 374 4336 verba,
387 4287 463 4345 quae
475 4287 540 4325 eam
553 4267 742 4341 praecedunt,
752 4275 821 4323 sunt
833 4271 1012 4342 autographa
1024 4268 1154 4326 Polanci.
1168 4270 1292 4343 Reliqua
1308 4271 1394 4329 afra·

176 4367 219 4416 tre
240 4359 407 4417 Femandez
428 4358 631 4431 scriptitant.
649 4357 805 4430 Reperitur
822 4357 911 4414 etiam
928 4359 1000 4414 haec
1014 4358 1137 4431 epistola
1159 4359 1188 4415 in
1208 4359 1280 4416 Cod.
1302 4376 1336 4432 35
1352 4362 1391 4432 c),

174 4448 225 4506 iol.
236 4461 279 4520 70.
291 4450 456 4524 Responsio
464 4449 503 4504 ad
511 4449 624 4505 litteras
636 4447 760 4516 Natalis,
775 4465 850 4520 quae
860 4448 907 4504 hic
917 4456 1190 4519 commemorantur,
1203 4450 1328 4506 habetur
1338 4453 1396 4508 sub

176 4555 205 4597 n.
219 4537 281 4609 234.

225 4633 237 4664 ¹
268 4630 378 4686 Harum
399 4629 567 4701 regularum
580 4626 705 4700 plussin
718 4625 807 4682 variis
829 4626 956 4682 archivis
978 4627 1113 4700 exempla
1137 4627 1275 4698 vidimus,
1301 4638 1394 4686 tuma
