3544 5390
656 489 659 494 ’
696 497 861 550 Aeeunnrx
916 530 923 549 r
1336 496 1390 567 5⁶5

161 645 284 727 rentie,
308 645 475 726 Ferrarie,
499 657 534 714 et
550 645 622 730 jam
644 667 712 746 ago
732 645 887 714 Viennae
908 647 1043 714 circiter
1064 663 1083 728 7
1104 667 1221 713 annos
1251 647 1301 713 16.
1324 648 1390 714 Fui

161 736 292 802 Rornae
309 735 405 820 quasi
421 755 481 821 per
497 756 624 802 annum
644 734 679 800 in
702 733 914 819 probatione,
932 745 967 803 et
988 737 1031 803 ad
1051 734 1191 822 primam
1215 737 1389 821 probatio-

160 845 242 925 nem
255 843 298 889 ex
310 823 375 889 illis
387 846 446 890 sex
459 824 661 925 respondeo.
680 842 708 890 1.
713 822 767 889 ⁰F
768 843 819 889 eci
831 823 992 898 exercitia
1004 823 1201 910 spiritualia.
1216 843 1247 892 2
1252 823 1389 892 ⁰lnser

160 911 232 976 vivi
238 912 492 1015 pauperibus
484 935 518 978 rn
539 911 760 979 xenodochio,
792 933 823 996 3.
828 911 1114 998 ⁰Peregrinatus
1138 934 1226 978 sum.
1250 909 1283 996 4
1288 914 1387 979 F
1354 935 1388 978 ur

161 1001 319 1067 minister
334 1001 388 1066 hic
404 1023 465 1086 per
480 1022 621 1081 annum,
639 1001 845 1066 infirmarius
861 1001 1086 1067 laborantium
1104 1022 1145 1066 ex
1161 1011 1269 1086 peste,
1288 1023 1388 1087 prae-

162 1091 275 1156 fectus
298 1089 464 1170 sanitatiS,
491 1100 557 1157 etc.
589 1087 640 1173 5.⁰
667 1089 778 1155 Docui
805 1089 991 1155 doctrinam
1020 1088 1236 1156 christianam
1265 1111 1389 1176 pueros

160 1178 361 1263 germanice
376 1178 410 1243 in
427 1177 552 1245 nostris
567 1176 702 1244 scholis.
720 1177 772 1243 6.⁰
788 1178 1022 1245 Concionatus
1045 1200 1120 1244 sum
1138 1178 1194 1243 hic
1210 1199 1271 1264 per
1286 1201 1387 1245 vnam

159 1266 459 1352 quadragesimam
475 1265 717 1352 germanicein
730 1279 846 1332 nostro
860 1268 995 1354 templo:
1006 1277 1082 1352 post
1094 1267 1272 1352 prandium
1285 1267 1388 1334 audio

159 1355 407 1435 confessiones
426 1366 460 1422 et
474 1355 522 1419 fui
535 1353 762 1422 confessarius
775 1355 1000 1421 laborantium
1013 1375 1055 1422 ex
1067 1365 1173 1441 peste.
1189 1356 1274 1441 Legi
1287 1359 1388 1422 scho-

159 1444 293 1510 lasticis
308 1444 461 1531 linguam
478 1446 700 1512 haebream...
720 1445 804 1512 Sum
821 1456 996 1528 promotus
1008 1443 1043 1508 in
1055 1444 1255 1544 magistrum
1268 1468 1289 1510 a
1300 1447 1386 1513 Rev.

160 1534 268 1600 Patre
284 1534 407 1600 Natale
423 1532 568 1600 Vienne.
594 1550 644 1614 17.
664 1531 808 1599 Circiter
825 1534 844 1597 8
862 1544 920 1598 aut
936 1555 957 1619 9
974 1554 1081 1598 annos
1092 1531 1127 1597 in
1139 1534 1277 1600 saeculo
1293 1533 1387 1619 [ope—

158 1643 232 1686 ram
252 1621 374 1687 studiis
386 1621 532 1704 navavi].
547 1623 584 1686 In
598 1621 769 1689 Societate
780 1620 1049 1702 humanioribus
1068 1621 1191 1706 grecis,
1205 1623 1385 1701 hebraicis

159 1709 354 1777 rhetoricae
370 1711 459 1776 duos
479 1731 599 1786 annos,
622 1722 657 1774 et
679 1709 913 1795 philosophiae
934 1710 1049 1775 studui
1070 1710 1206 1779 duobus
1226 1709 1335 1790 annis,
1353 1725 1388 1776 et

159 1798 358 1884 theologiae
387 1813 404 1882 5
433 1798 541 1864 annis.
573 1799 651 1864 Non
679 1797 782 1864 docui
810 1798 890 1864 alibi
916 1810 1011 1864 extra
1038 1797 1256 1878 Societatem,
1286 1799 1386 1868 docui

160 1887 300 1954 Vienne
320 1885 354 1950 in
375 1886 729 1954 classe'humanitatis
754 1887 886 1971 copiam
907 1889 1090 1954 verborum
1112 1898 1147 1951 et
1167 1887 1282 1952 nescio
1304 1887 1386 1972 quid

156 1975 267 2056 aliud,
286 1997 364 2040 nam
381 1987 461 2040 sunt
472 1975 543 2060 jam
559 1977 648 2041 bene
664 1975 814 2060 quinque
834 1985 893 2040 aut
909 1997 969 2041 sex
990 1975 1080 2040 anni.
1107 1976 1218 2041 Docui
1233 1975 1385 2062 linguam

159 2063 357 2130 hebraicam
375 2086 436 2150 per
453 2079 471 2146 5
489 2085 603 2129 annos.
625 2065 690 2149 [III,
709 2066 785 2148 444]

232 2169 261 2218 Ι.
306 2152 459 2238 Joannes
475 2155 667 2218 Pionneus.
687 2170 719 2218 2.
738 2151 894 2236 Triginta
910 2163 979 2218 tres
994 2163 1101 2216 annos
1116 2161 1229 2217 natus.
1250 2170 1281 2234 3.
1300 2153 1386 2218 Gal-

154 2241 224 2320 lus,
246 2240 539 2326 andegauensis...
564 2259 613 2308 12.
628 2244 704 2329 Jarn
721 2241 835 2326 agitur
852 2239 1005 2306 decimus
1025 2251 1167 2324 quartus
1189 2261 1298 2306 annus
1314 2242 1380 2306 Ro-

154 2351 235 2395 mae
252 2327 420 2395 admissus
437 2341 471 2396 et
487 2329 699 2396 examinatus
721 2330 811 2395 circa
832 2348 873 2412 23
895 2328 1094 2394 Decembris
1122 2345 1217 2412 15543
1236 2329 1384 2396 Laureto

156 2429 277 2484 tamen
302 2437 341 2500 13
360 2417 513 2483 eiusdem
534 2418 659 2483 mensis
679 2417 734 2484 die
755 2421 895 2484 Romam
921 2416 1085 2482 missus...
1122 2436 1171 2497 14.
1203 2418 1382 2484 Sacerdos.

159 2523 212 2589 15.
228 2508 266 2571 In
280 2506 425 2592 collegio
437 2527 588 2586 romano,
603 2505 776 2591 perusin0,
794 2505 963 2586 eborensi,
983 2505 1254 2584 conimbricensi,
1271 2505 1383 2570 ulissi—

153 2593 313 2679 ponensi,
333 2595 530 2661 turnonensi
547 2606 582 2660 et
596 2595 815 2681 lugdunensi.
839 2596 890 2660 16.
910 2596 1075 2661 Versatus
1092 2616 1166 2659 surn
1184 2593 1219 2658 in
1236 2593 1384 2662 seruitiis

154 2683 355 2749 domesticis
371 2686 498 2751 Rornae
517 2694 585 2748 tres
601 2695 660 2748 aut
676 2694 821 2768 quatuor
838 2703 985 2762 menseS,
1000 2693 1034 2749 et
1047 2682 1197 2766 quinque
1209 2684 1264 2750 vel
1275 2705 1336 2749 sex
1348 2682 1383 2748 in

155 2769 348 2852 Lusitania,
367 2771 617 2851 Conimbricae,
636 2782 670 2840 et
688 2774 832 2852 Eborae3
851 2771 931 2838 item
957 2771 1126 2856 Perugiae
1141 2771 1242 2836 docui
1259 2789 1384 2855 pueros

155 2883 218 2944 per
235 2862 321 2926 duas
337 2863 437 2926 horas
454 2861 604 2944 quotidie
621 2860 729 2926 tribus
745 2872 804 2927 aut
821 2871 967 2945 quatuor
980 2859 1165 2939 mensibuS,
1182 2881 1270 2926 unus
1283 2881 1383 2944 prae·

152 2949 306 3034 ceptoris
318 2950 536 3015 coadiutor...
556 2951 686 3014 Rornae
696 2960 831 3016 creatus
843 2971 917 3014 sum
931 2947 1094 3034 magister
1106 2947 1141 3012 in
1153 2947 1379 3033 philosophia.

154 3039 252 3104 Ante
273 3037 464 3122 ingressum
486 3037 607 3104 studiis
629 3037 862 3118 humanitatis,
885 3037 1086 3119 rhetoricae,
1109 3036 1214 3102 literis
1236 3035 1380 3122 graecia,

152 3125 354 3194 dialecticae
367 3137 401 3192 et
414 3126 661 3210 aliquantulum
674 3125 794 3192 studiis
811 3125 1069 3192 mathematicis.
1088 3127 1170 3190 Post
1186 3124 1380 3210 ingressum

152 3236 239 3282 vero
255 3213 431 3294 retoricae,
446 3215 689 3300 philosophiae,
706 3213 911 3316 theologiae,
926 3213 1199 3293 mathematicae,
1213 3213 1383 3280 hebraicis

152 3301 276 3380 literis,
299 3313 380 3382 etc,
399 3302 535 3368 casibus
555 3303 783 3370 conscientiae
804 3325 940 3389 operam
961 3301 1052 3370 dedi.
1076 3302 1197 3369 Ante
1189 3323 1381 3402 ingressum

151 3391 337 3458 Societatis
353 3353 453 3459 dbcui
469 3413 655 3484 nunquam;
674 3403 751 3476 post
767 3391 959 3491 ingressum
976 3391 1078 3456 docui
1097 3389 1257 3458 Perusiae
1272 3390 1380 3476 prima

153 3480 350 3546 rudimenta
366 3469 619 3565 grammaticae,
635 3492 766 3547 tanturn
780 3492 832 3547 est
836 3479 990 3564 ,opinor,
1010 3490 1078 3546 tres
1090 3501 1223 3546 menses
1238 3489 1297 3543 aut
1310 3501 1383 3544 arn

154 3569 257 3653 plius.
272 3569 403 3636 Eborae
416 3569 529 3635 literas
542 3590 683 3655 graecas
697 3585 714 3651 5
728 3589 874 3649 menses;
887 3568 1124 3634 Conimbricae
1137 3567 1381 3634 humanitatem

154 3680 216 3742 per
245 3679 396 3725 mensem
424 3659 545 3739 serme3
570 3657 794 3743 Ulyssiponae
822 3657 1066 3723 humanitatem
1094 3679 1152 3741 per
1180 3677 1318 3734 annum,
1348 3667 1383 3721 et

155 3745 361 3812 rhetoricam
380 3747 485 3814 ferme
500 3768 561 3832 per
578 3758 645 3813 tres
661 3768 785 3825 annm,
808 3745 953 3831 demptis
973 3745 1129 3812 videlicet
1151 3761 1172 3824 4
1192 3744 1379 3811 mensibus.

155 3837 287 3901 Romae
310 3833 424 3902 literas
451 3857 593 3920 graecas
620 3837 793 3918 professus
820 3857 880 3919 per
907 3857 1046 3900 annum
1077 3832 1230 3899 Turnoni
1258 3852 1382 3896 nouem

154 3922 332 3992 mensibus
349 3924 523 4008 professus
543 3945 619 3988 sum
637 3923 854 4009 theologiam,
873 3932 908 3988 et
923 3922 1046 3988 ibidem
1064 3921 1192 4004 aliquot
1208 3919 1382 3987 mensibus

154 4012 372 4080 rhetoricam.
403 4012 564 4098 Lugduni
592 4013 693 4078 docui
714 4012 828 4079 literas
849 4033 990 4096 graecas
1011 4009 1169 4077 undecim
1191 4008 1379 4093 mensibus,

152 4112 188 4166 et
208 4099 335 4166 ibidem
357 4100 562 4166 rethoricam
580 4102 623 4166 ad
641 4102 659 4166 8
681 4103 736 4168 vel
752 4122 772 4187 q
790 4122 942 4180 menses;
962 4101 1021 4166 sed
1038 4100 1071 4165 id
1093 4099 1211 4166 eodem
1230 4061 1381 4198 ternpo're’

151 4211 213 4255 seu
231 4211 334 4268 annu,
353 4189 446 4256 horis
464 4199 596 4256 tantum
619 4189 774 4256 diuersis.
793 4191 861 4257 Sex
884 4211 1018 4256 menses
1039 4187 1171 4273 praefui
1193 4186 1382 4252 conuictori

151 4279 219 4344 bus
240 4277 407 4379 Turnoni,
431 4277 489 4368 ubi
512 4278 613 4344 etiam
641 4278 784 4364 exposui
806 4277 993 4343 doctrinam
1021 4275 1239 4342 christianam
1261 4275 1382 4375 diebus

150 4365 362 4433 dominicis
354 4387 387 4431 m
410 4377 527 4433 nostro
543 4367 680 4446 sace110,
704 4365 819 4434 nescio
842 4378 924 4449 quot
946 4365 1133 4446 mensibus,
1156 4365 1258 4430 credo
1280 4363 1380 4464 quin-

151 4476 220 4538 que
235 4456 291 4520 vel
306 4477 378 4522 sex.
399 4455 631 4521 Concionatus
648 4478 707 4556 per
723 4453 1043 4540 quadragesimam
1035 4476 1069 4518 1n
1092 4453 1219 4554 templo
1235 4451 1382 4518 maximo

153 4556 205 4610 ter
220 4543 256 4608 in
278 4545 501 4612 hebdomada.
526 4543 687 4630 Lugduni
709 4543 839 4629 praefui
861 4542 1148 4609 conuictoribus'
1139 4563 1205 4607 ram
1222 4541 1381 4608 undecim

154 4631 342 4712 mensibus,
361 4632 419 4698 ubi
436 4632 538 4702 etiam
560 4633 701 4718 exposui
723 4633 911 4699 doctrinam
933 4630 1150 4698 christianam
1173 4653 1234 4716 per
1253 4630 1381 4714 aliquot
