3634 5396
586 415 727 470 Secunnr
745 423 915 469 voruumrs
934 426 1112 473 conclusio
1408 419 1460 475 681

235 572 310 638 Nec
325 569 439 636 minus
454 570 567 637 elucet
584 566 695 635 Patris
711 564 837 634 Lainez
852 565 1032 652 integritas
1048 579 1083 636 et
1099 591 1194 636 amor
1209 593 1293 658 erga
1305 571 1462 642 Societa-

238 705 319 776 tem,
337 714 415 760 cum
432 692 545 760 Natali
561 714 621 780 per
645 692 833 758 Polaneum
854 687 1027 777 rescripsit
1049 693 1218 779 propriam
1239 717 1322 782 erga
1344 717 1462 764 caesa-

239 840 309 886 rem
325 817 609 886 existimationem
626 838 664 884 se
684 813 779 884 nihili
801 815 924 896 facere,
945 817 1132 884 dummodo
1153 819 1307 888 Societas
1327 821 1461 888 incolu-

238 943 302 1010 rnis
318 954 522 1023 servaretur,
541 942 741 1027 nullumque
762 938 1002 1008 detrimentum
1024 953 1199 1027 pateretur
1222 947 1324 1032 (241).
1347 947 1461 1034 Impe-

237 1079 328 1135 rator
343 1079 457 1134 autem
473 1067 660 1135 benevolus
675 1086 810 1150 semper
825 1074 860 1131 et
880 1086 999 1132 amans
1018 1065 1181 1136 Societati
1202 1091 1277 1137 sese
1298 1071 1461 1140 exhibere

235 1191 394 1279 perrexit;
417 1203 561 1259 noverat
583 1190 674 1258 enim
695 1189 786 1256 illam
807 1187 843 1255 in
863 1188 1022 1256 omnibus
1042 1192 1205 1278 majorem
1226 1195 1292 1262 Dei
1314 1195 1458 1282 gloriam

235 1318 451 1401 fructumque
467 1315 654 1382 animarum
675 1313 862 1380 intendere.
881 1313 955 1378 Nec
976 1313 1051 1400 ejus
1071 1314 1221 1384 animum
1245 1339 1393 1403 unquam
1415 1321 1461 1385 ab

233 1445 296 1509 hac
312 1440 473 1528 opinione
489 1452 524 1508 et
539 1461 653 1506 amore
669 1450 824 1508 avertere
843 1450 1029 1526 potuerunt
1046 1440 1149 1526 aliqui
1165 1463 1208 1508 ex
1224 1442 1457 1530 magnatibus,

233 1566 292 1652 qui
308 1567 451 1633 moleste
467 1567 622 1632 ferebant
642 1563 847 1634 Societatem
865 1585 982 1632 eorum
1004 1564 1223 1651 opinionibus
1243 1566 1355 1635 minus
1375 1589 1459 1636 con-

236 1693 379 1759 formem
396 1711 471 1758 sese
487 1688 650 1776 praebere
666 1689 766 1776 (263).

301 1817 344 1882 Et
360 1819 444 1882 haec
460 1813 597 1901 quidem
613 1812 738 1881 dixisse
754 1814 901 1880 sufficiat
913 1813 1092 1881 occasione
1104 1815 1352 1900 praedictarum
1366 1816 1459 1884 litte·

235 1963 362 2023 rarum,
380 1963 400 2007 a
415 1938 517 2006 nobis
528 1939 562 2004 in
576 1937 746 2025 praesenti
758 1938 929 2006 volumine
942 1938 1121 2019 editarum,
1139 1961 1240 2024 quae,
1258 1941 1338 2008 licet
1350 1963 1460 2009 novos

235 2067 413 2134 thesauros
429 2062 589 2130 historiae
605 2063 711 2149 vulgo
727 2061 864 2148 ignotos
880 2061 978 2130 nobis
995 2063 1159 2146 revelent,
1178 2065 1329 2131 dolorem
1343 2075 1458 2133 tamen

234 2199 388 2258 nostrum
404 2189 542 2257 aliunde
564 2198 705 2274 augent,
729 2187 773 2253 ob
797 2186 1015 2274 epistolarum
1041 2187 1172 2256 Natalis
1196 2190 1240 2254 ad
1263 2191 1347 2258 haec
1369 2201 1456 2259 tem-

233 2337 316 2402 pora
331 2312 557 2400 spectantium
575 2311 802 2392 amissionem3
821 2333 899 2378 nam
917 2335 969 2391 ea,
988 2333 1076 2396 quae
1092 2311 1222 2379 anobis
1234 2314 1365 2398 prolata
1375 2325 1458 2381 sunt

233 2440 268 2506 in
284 2441 349 2506 hoe
364 2437 550 2519 volumine,
564 2435 678 2524 potius
689 2457 732 2504 ex
744 2435 916 2524 responsis
932 2437 974 2502 ad
987 2435 1081 2502 illum
1094 2437 1194 2517 datis
1209 2458 1310 2523 quam
1325 2459 1369 2506 ex
1381 2439 1458 2523 ejus

232 2561 383 2652 epistolis
397 2561 662 2648 pervestiganda
674 2563 780 2628 suere.
795 2559 935 2629 Gratior
948 2559 1046 2627 nobis
1059 2559 1148 2627 tertii
1162 2559 1342 2627 voluminis
1355 2563 1458 2628 ador·

232 2687 336 2755 nandi
352 2688 458 2770 labor,
476 2689 551 2755 Deo
562 2686 717 2772 juvante,
735 2685 880 2768 eveniet3
899 2685 933 2751 in
950 2685 1009 2750 illo
1029 2685 1154 2752 etenim
1177 2687 1282 2753 ferme
1304 2688 1454 2772 comple-

232 2823 306 2878 tum
323 2821 357 2878 et
371 2810 546 2897 integrum
559 2809 689 2876 Natalis
700 2831 778 2876 cum
791 2811 828 2879 S.
844 2807 1025 2876 Francisco
1038 2809 1080 2874 de
1095 2808 1206 2893 Borja,
1222 2808 1324 2876 tertio
1336 2809 1454 2878 Socie-

234 2935 312 3004 tatis
340 2933 544 3021 praeposit0‚
567 2934 755 3001 litterarum
777 2931 1019 3001 commercium
1036 2931 1197 3000 exhibere
1213 2931 1340 3014 licebit;
1362 2934 1457 3000 unde

232 3081 293 3146 pro
308 3057 526 3140 Germaniae,
546 3057 656 3145 Belgii
671 3069 707 3125 et
721 3057 853 3126 Galliae
869 3055 1118 3143 provinciarum
1140 3056 1283 3122 historia
1302 3055 1455 3122 conscri-

233 3185 345 3251 benda
371 3183 463 3250 haud
483 3184 710 3270 spernendum
731 3181 920 3250 subsidium
946 3190 1061 3246 nostra
1089 3183 1324 3248 Mouuueurn
1350 3182 1457 3249 colla-

234 3319 311 3374 tura
326 3329 512 3396 speramus
