3544 5390
711 541 882 648 ht’t’srtutx⁸
1346 525 1397 620 587¹

176 696 328 768 venirem
352 699 530 780 Rhomam,
560 700 740 784 quamdam
761 697 992 784 pecuniarium
1012 720 1178 767 summam
1199 721 1268 766 non
1289 700 1398 768 maxi-

177 809 269 856 mam
286 789 377 875 apud
393 787 539 855 amicum
554 789 735 873 quemdam
754 787 909 874 deposui.
939 790 1085 856 Partem.
1098 788 1200 856 huius
1221 792 1324 858 Pater
1343 789 1394 860 Si-

178 900 259 945 mon
275 881 324 964 (vt
339 875 429 944 illius
443 877 575 946 litterae
592 877 769 960 testantur)
785 875 821 942 in
837 876 910 962 pios
927 899 1007 944 vsus
1023 877 1205 959 conuertit,
1229 890 1263 945 et
1285 880 1399 946 forsan

178 968 309 1052 reliqua
325 967 444 1035 eodem
459 983 559 1053 pacto
574 965 733 1048 insumet;
751 963 856 1032 literis
873 976 987 1034 tamen
1003 967 1088 1034 meis
1107 966 1297 1054 significavi
1320 967 1396 1054 ipsi,

177 1079 235 1126 me
250 1077 328 1126 aere
342 1055 454 1124 alieno
468 1056 633 1135 laborare,
651 1075 714 1120 nec
731 1054 824 1140 prius
840 1076 894 1121 me
909 1056 997 1124 velle
1009 1057 1258 1141 eleemosynam
1272 1058 1395 1140 facere,

179 1167 283 1231 quam
302 1143 418 1212 debita
439 1143 626 1211 solvissem.
654 1145 731 1210 Hoc
756 1143 933 1230 negotium
960 1155 1095 1214 vestrae
1121 1144 1276 1211 charitati
1304 1167 1397 1212 com-

177 1235 302 1304 mendo
318 1243 356 1299 vt
370 1232 418 1298 illi
433 1231 643 1320 injungatur,
662 1254 705 1299 ne
720 1231 754 1297 in
768 1231 852 1298 meis
864 1232 1008 1318 amplius
1020 1233 1102 1317 quid
1114 1243 1271 1314 attentet,
1285 1235 1397 1302 donec

176 1346 198 1391 a
214 1325 258 1390 V.
279 1325 320 1390 R.
340 1324 534 1390 facultatem
551 1321 718 1390 habuerit.
738 1323 966 1406 Expectabam
983 1321 1065 1388 alias
1081 1322 1243 1408 pecunias
1260 1323 1342 1389 mihi
1356 1347 1399 1392 ex

175 1411 306 1500 Anglla
322 1410 552 1492 remittendas,
570 1412 630 1478 sed
645 1410 758 1478 sintne
773 1409 907 1491 missae,
925 1410 981 1478 vel
996 1432 1065 1496 quo
1080 1411 1115 1477 in
1130 1423 1222 1478 statu
1234 1433 1289 1480 res
1301 1435 1398 1483 meae

175 1501 257 1582 sint,
287 1499 415 1570 nescio:
444 1499 602 1587 primum,
631 1498 711 1583 quia
732 1519 802 1565 non
824 1498 898 1566 sine
918 1498 1071 1585 periculo
1092 1499 1240 1569 seribere
1259 1523 1397 1588 possum

175 1590 252 1658 istis
267 1591 311 1660 de
326 1590 440 1657 rebus:
459 1589 622 1669 secundo,
643 1588 723 1672 quia
743 1610 785 1656 ex
807 1608 876 1672 quo
897 1587 1073 1673 ingressus
1092 1592 1167 1655 sirm
1190 1589 1397 1660 Societatem

175 1678 312 1746 animus
337 1699 435 1745 meus
462 1680 505 1744 ab
531 1676 605 1744 istis
632 1676 723 1743 curis
750 1675 834 1744 liber
861 1675 944 1742 mihi
964 1679 1129 1744 hactenus
1151 1678 1226 1745 fuit.
1250 1680 1398 1747 Tomaci

176 1789 316 1854 quoque
330 1767 366 1834 in
381 1765 527 1852 collegio
542 1775 660 1833 nostro
676 1765 842 1850 quaedam
857 1764 990 1850 reliqui,
1008 1767 1051 1833 de
1071 1765 1195 1850 quibus
1215 1768 1296 1852 quid
1314 1789 1399 1856 aga-

179 1868 236 1924 tur
251 1856 384 1943 ignoro.
407 1873 458 1939 17.
478 1859 573 1923 Bona
588 1865 623 1922 et
639 1855 745 1921 multo
760 1854 988 1922 commodiore
1003 1875 1105 1938 quam
1128 1875 1206 1921 cum
1227 1856 1262 1922 in
1282 1859 1398 1924 seculo

177 1944 351 2014 viuebam.
374 1947 424 2012 18.
444 1944 570 2013 Omnia
585 1943 649 2010 ista
665 1943 801 2011 seruaui
817 1946 981 2010 hactenus
996 1954 1031 2010 et
1046 1946 1204 2027 seruabo,
1227 1956 1263 2011 vt
1283 1967 1394 2032 spero.

184 2053 235 2123 19.
255 2036 332 2102 Hoc
348 2033 492 2101 maxime
507 2031 619 2119 cupio.
637 2029 741 2122 [Sola]
761 2051 789 2098 1.
808 2034 842 2099 A
858 2031 983 2099 teneris
998 2033 1096 2099 anuis
1112 2033 1280 2102 enutritus
1297 2035 1346 2112 fui
1362 2035 1398 2102 in

178 2124 280 2190 bonis
295 2122 412 2204 literiS,
430 2144 472 2190 eo
491 2121 621 2189 scilicet
640 2123 753 2200 modo,
777 2141 844 2206 quo
864 2121 975 2187 solent
993 2121 1147 2190 homines
1167 2121 1231 2189 illis
1251 2124 1287 2188 in
1313 2123 1397 2190 locis

178 2211 334 2294 enutriri,
352 2211 410 2278 vbi
425 2222 625 2297 grassantur
639 2214 810 2290 haereses
826 2212 890 2276 hoc
902 2219 966 2292 est,
980 2208 1054 2276 sine
1066 2211 1295 2278 fundamentis
1307 2213 1395 2296 altis,

175 2299 408 2388 perfunctorie
424 2311 459 2368 et
474 2299 583 2368 obiter
599 2299 800 2402 primoribus
816 2307 947 2365 tantum
965 2298 1067 2365 labris
1080 2298 1302 2382 dialecticam,
1317 2304 1396 2370 rhe-

177 2389 333 2472 toricam,
347 2389 603 2476 philosophiam,
618 2388 770 2474 linguam
784 2408 940 2473 graecam
953 2401 988 2454 et
997 2387 1056 2471 jus
1066 2388 1169 2456 ciuile
1181 2389 1331 2474 gustaui,
1347 2401 1393 2473 et,

177 2489 216 2546 vt
232 2501 314 2549 vere
329 2478 443 2546 dicere
462 2476 746 2568 possim,·aliquid
766 2475 836 2543 scio
857 2475 892 2542 in
913 2475 1076 2560 quolibet,
1100 2489 1134 2546 et
1155 2478 1238 2544 nihil
1254 2479 1288 2544 in
1310 2490 1393 2548 toto.

178 2585 211 2636 2.
239 2569 334 2637 Bene
353 2569 463 2635 valeo.
487 2587 518 2651 3.
542 2565 710 2652 Quamuis
736 2568 901 2632 hactenus
929 2564 1041 2631 animo
1068 2587 1159 2633 eram
1187 2565 1353 2635 alienatus
1376 2590 1396 2635 a

177 2657 332 2726 doctrina
347 2655 560 2744 potissimum
577 2654 791 2736 scholastica3
810 2674 918 2740 nuper
934 2664 1046 2721 tamen
1059 2676 1113 2723 me
1125 2655 1250 2722 inuasit
1262 2655 1395 2724 deside-

177 2746 268 2813 rium
283 2767 445 2832 magnum
461 2745 570 2813 eidem
588 2742 777 2840 insistendi,
796 2753 830 2809 et
846 2745 910 2809 hoc
925 2742 1130 2811 desiderium
1145 2743 1287 2812 interius
1307 2748 1396 2813 mul-

178 2835 225 2902 tis
245 2835 377 2902 vicibus
397 2832 593 2902 mirabiliter
613 2832 715 2912 sensi,
742 2831 786 2898 ita
808 2833 899 2915 quod
921 2833 1139 2901 decreueram
1160 2833 1250 2900 idem
1271 2831 1397 2922 propo-

178 2946 263 2994 nere
285 2922 516 3012 superioribus
536 2923 564 2990 si
584 2923 720 3007 quando
742 2920 872 2988 veniret
892 2920 957 2987 illis
977 2919 1012 2988 in
1032 2931 1179 2988 mentem
1202 2945 1255 2990 me
1277 2946 1395 2991 aman-

179 3015 262 3080 dare
276 3015 320 3080 ad
335 3012 437 3079 alium
454 3013 578 3078 locum.
602 3029 635 3094 4.
659 3013 735 3078 Non
751 3009 786 3076 in
807 3029 888 3076 arcu
909 3030 985 3076 meo
1012 3012 1166 3096 sperabo;
1197 3022 1232 3080 et
1259 3013 1395 3098 gladius

177 3123 276 3170 meus
291 3123 359 3169 non
372 3101 517 3168 saluabit
528 3123 594 3168 me.
610 3101 696 3185 Spes
708 3121 784 3168 mea
799 3099 834 3164 in
850 3120 904 3178 eu,
923 3097 981 3183 qui
997 3100 1124 3165 bonum
1140 3099 1290 3167 immittit
1303 3103 1393 3169 desi-

176 3190 323 3272 derium,
338 3190 403 3259 sita
414 3190 490 3272 erit,
504 3189 561 3274 qui
573 3200 694 3275 potens
705 3199 811 3255 estex
822 3185 990 3273 lapidibus
1002 3187 1166 3257 suscitare
1182 3189 1269 3257 tilios
1281 3192 1395 3259 Abra·
1410 3185 1411 3188 '

176 3283 253 3348 hae.
278 3297 310 3365 5.
333 3280 593 3364 Aliquantulum
614 3276 846 3364 promouimus
866 3287 901 3344 et
921 3275 1042 3362 magis,
1065 3288 1102 3343 vt
1122 3299 1235 3362 spero,
1259 3301 1393 3366 promo·

177 3369 335 3436 uebimus
350 3369 385 3436 in
401 3367 475 3434 istis
490 3366 711 3446 scholasticis,
734 3365 763 3431 si
785 3366 918 3432 tandem
939 3365 1120 3450 aliquando
1138 3369 1228 3436 bene
1250 3371 1394 3438 affectus

81 3455 85 3464 '
175 3479 262 3546 erga
288 3458 362 3524 illas
389 3457 490 3525 fuerit
517 3455 662 3536 animus,
692 3454 749 3541 qui
776 3457 941 3522 hactenus
968 3456 1067 3540 plane
1097 3477 1239 3523 auersus
1271 3459 1392 3526 fuerat.

176 3549 211 3615 6.
231 3549 314 3616 Sum
331 3547 368 3612 in
383 3546 513 3614 artibus
531 3545 809 3624 bacchelaureuS,
832 3555 867 3610 et
887 3543 921 3610 in
937 3544 1016 3628 jure
1037 3566 1194 3611 caesareo
1215 3555 1287 3612 turn
1313 3549 1393 3614 bac-

176 3637 393 3717 chelaureus,
411 3646 483 3701 turn
499 3635 629 3701 doctor.
649 3651 679 3715 7.
699 3631 859 3699 Filiorum
876 3643 928 3700 est
944 3632 1092 3714 obedire,
1110 3633 1139 3699 si
1154 3633 1293 3721 cupiant
1315 3657 1395 3722 pos-

177 3725 290 3794 sidere
319 3723 589 3792 benedictionem
616 3733 805 3808 parentum.
836 3723 868 3787 8.
895 3721 1073 3804 Dominus,
1102 3733 1139 3788 vt
1165 3745 1277 3810 spem,
1306 3726 1395 3792 hanc

178 3813 262 3881 mihi
282 3814 426 3902 gratiam
452 3813 557 3894 dabit,
586 3822 624 3877 vt
645 3811 679 3877 in
700 3809 856 3878 omnibus
877 3809 1014 3878 obedire
1034 3810 1147 3877 velim.
1176 3833 1208 3899 9.
1234 3815 1395 3880 Paratum

176 3925 378 3984 cormeum,
395 3905 503 3984 Daue,
520 3912 673 3988 paratum
690 3921 748 3966 cor
763 3919 888 3980 meum;
906 3921 977 3965 non
993 3898 1112 3966 dubito
1132 3921 1250 3966 verum
1270 3901 1395 3970 dixisse

179 3993 308 4060 Christi
323 3992 486 4060 vicariurn
501 3991 537 4057 in
552 3989 656 4073 initijs
672 3989 775 4073 hujus
790 3987 981 4068 Societatis,
999 3991 1136 4072 quando
1156 3989 1221 4057 ista
1240 3991 1392 4076 protulit:

97 4083 104 4096 '
181 4081 341 4170 «Digitus
357 4081 422 4150 Dei
437 4094 490 4148 est
505 4079 594 4146 hic».
614 4079 685 4167 [lV,
704 4077 865 4179 756-759]

249 4189 277 4238 1.
331 4172 476 4237 Thomas
503 4171 630 4256 Kinge.
661 4187 694 4234 2.
713 4167 844 4252 Viginti
870 4177 1012 4252 septem.
1037 4186 1068 4250 3.
1092 4168 1229 4253 Anglus
1249 4169 1394 4238 comita-

177 4271 233 4328 tus
258 4259 449 4329 Somersett
466 4255 510 4325 'et
529 4257 677 4324 ciuitatis
696 4255 920 4323 Wellensis...
944 4274 975 4338 7.
1000 4256 1114 4322 Habui
1135 4258 1204 4323 duo
1228 4258 1394 4328 beneficia

176 4348 423 4430 ecclesiastica;
445 4349 522 4430 sed,
546 4357 682 4434 propter
701 4345 971 4432 persecutionem
992 4345 1036 4412 ab
1055 4345 1234 4414 haereticis
1255 4348 1390 4432 factam,

176 4438 285 4526 patria
300 4439 428 4522 relicta,
448 4435 670 4524 Antuerpiam
686 4434 777 4515 veni,
792 4434 850 4499 ubi
866 4455 942 4500 cum
956 4433 1029 4518 alijs
1045 4434 1156 4521 anglis
1168 4457 1301 4520 semper
1314 4459 1393 4508 uer-

176 4530 291 4595 sabat.
306 4579 335 4594 ..
360 4545 413 4596 12.
432 4528 469 4593 ln
486 4527 573 4592 festo
590 4527 741 4593 Paschae
752 4522 989 4611 aun01Domini
1006 4524 1085 4607 1561
1100 4546 1120 4590 a
1133 4527 1234 4590 Patre
1246 4527 1392 4594 Euerar-

178 4618 235 4698 dc,
252 4615 451 4704 prouinciali
469 4613 635 4682 inferioris
649 4612 865 4694 Germaniae,
881 4612 929 4679 fui
941 4624 1098 4699 receptus
1113 4611 1147 4678 in
1161 4613 1304 4700 collegio
1315 4617 1391 4684 colo

179 4705 289 4775 aiensi
307 4717 343 4775 et
369 4709 413 4775 ab
439 4727 482 4775 eo
501 4715 583 4772 tunc
601 4701 873 4807 examinatus...
906 4721 956 4786 14.
980 4703 1063 4771 Sum
1083 4703 1252 4772 sacerdos.
1284 4722 1332 4792 15.
1355 4709 1392 4776 ln
