3634 5396
343 472 401 540 714,

381 611 523 667 Tablares
536 617 567 664 et
580 609 758 680 Gonpalves,
772 607 817 678 313
831 626 849 663 a
861 625 935 667 nun·

381 700 423 755 tio
437 699 563 768 Dolfino,
583 697 645 766 218,
666 711 729 768 219,
748 695 811 766 228;
825 697 934 752 Romae

381 791 412 845 in
429 790 510 845 curia
528 787 687 860 pontificia,
702 786 765 855 236;
785 765 935 842 aSairctio

380 879 420 934 de
438 878 539 946 Leiva,
559 878 623 948 598;
642 877 813 950 imperatori
831 875 936 932 Ferdi·

383 967 480 1024 nando
498 968 613 1031 charus,
634 979 700 1036 241;
720 967 842 1038 angelus
864 965 935 1022 Ger·

386 1056 499 1112 maniae
510 1064 540 1112 et
548 1055 662 1112 Galliae
673 1061 866 1127 nuncupatur,
873 1065 937 1124 696,

385 1145 450 1216 365,
472 1144 535 1212 380;
553 1152 654 1216 gratus
671 1143 703 1199 S.
718 1142 833 1215 Ignatio
846 1150 877 1198 et
895 1143 937 1197 hi-

386 1235 496 1307 spanis,
516 1232 565 1302 313
586 1233 729 1289 militibus
743 1234 859 1297 charus,
874 1230 936 1302 598;

385 1323 487 1378 Lainio
505 1329 535 1376 et
554 1323 689 1390 Polanco,
707 1320 771 1390 6383
792 1320 938 1383 omnibus,

382 1411 452 1478 6213
473 1409 657 1464 desideratus
674 1410 704 1464 in
722 1407 875 1480 Hispania,
894 1405 939 1477 31,

384 1497 449 1567 3303
464 1498 494 1554 in
507 1498 641 1567 bavaria,
652 1497 714 1567 3493
727 1499 757 1552 in
770 1495 939 1568 Germania,

389 1586 449 1654 136,
460 1588 524 1652 661,
534 1585 598 1654 663,
609 1586 673 1658 634,
684 1587 746 1656 657;
760 1586 823 1658 ejus
837 1587 939 1641 exhor-

386 1676 514 1732 tationes
532 1675 698 1744 laudantur,
716 1675 781 1746 621,
798 1675 863 1744 624,
876 1673 939 1742 625,

384 1763 449 1834 634,
473 1773 542 1833 ete.;
565 1781 582 1818 a
602 1765 636 1818 B.
655 1763 774 1819 Canisio
794 1763 940 1832 laudatus,

389 1853 452 1924 130,
463 1852 528 1923 643,
542 1853 606 1922 647,
619 1852 682 1920 656,
698 1860 755 1907 etc.

356 1957 416 2014 -7.
450 1944 554 1998 Vario.
581 1943 746 1997 Messanam
776 1940 901 1996 mittitur
926 1958 943 1995 a

390 2032 422 2087 S.
435 2031 561 2102 Ignatio,
575 2029 601 2097 33
617 2047 705 2101 opera
717 2030 765 2101 pia
777 2037 942 2101 promovet,

390 2121 419 2176 in
434 2118 563 2174 Africam
577 2117 694 2188 trajicit,
707 2117 890 2188 naufragium
902 2117 944 2172 fa·

389 2209 443 2279 cit,
460 2210 571 2264 Romae
593 2207 819 2262 constitutiones
835 2206 944 2261 exami-

389 2305 451 2366 nat,
470 2297 497 2365 6;
512 2296 542 2351 16
555 2295 685 2351 81611166
695 2313 762 2350 666
772 2295 831 2350 illis
844 2295 944 2351 remit-

389 2386 472 2457 titur,
494 2398 522 2454 73
546 2384 673 2440 vicarius
696 2401 749 2439 seu
775 2384 945 2439 commissa·

390 2475 451 2530 rius
467 2473 616 2546 generalis
638 2473 796 2529 Societatis
814 2473 943 2528 nomina-

391 2572 449 2627 tur,
463 2579 490 2633 93
508 2562 620 2636 primae
636 2563 767 2632 generali
786 2579 944 2633 congrega·

392 2651 465 2706 tioni
478 2649 571 2721 adest,
590 2661 632 2718 12;
644 2650 780 2719 Borgiam
792 2651 821 2705 in
832 2651 943 2705 Lusita·

392 2739 471 2794 niam
484 2745 636 2809 convocat,
651 2738 759 2810 gradus
777 2755 879 2794 omnes
893 2739 944 2794 So·

391 2827 508 2883 cietatis
522 2842 619 2882 coram
637 2843 708 2897 rege
732 2827 862 2899 exhibet,
878 2844 946 2882 con-

391 2916 534 2988 cionatur,
555 2915 718 2970 fructuosas
737 2916 827 2971 habet
844 2915 944 2970 adhor-

394 3005 532 3076 tationes,
558 3003 599 3070 183
624 3005 658 3060 S.
681 3004 786 3074 Jacobi
803 3007 945 3076 templum

394 3093 612 3165 Compostellae
634 3093 750 3164 invisit,
777 3105 824 3163 193
847 3095 946 3149 turbas

395 3199 411 3236 a
436 3181 584 3236 nonnullis
610 3181 752 3236 excitatas
778 3189 872 3254 pacat,
900 3195 945 3252 20;

393 3269 536 3325 exercitia
553 3269 715 3341 spiritualia
738 3269 880 3342 defendit,
901 3284 945 3340 61,

394 3373 444 3427 64;
471 3357 572 3412 invisit
601 3356 852 3429 archiepiscopum
881 3357 947 3414 Sili·

393 3463 480 3502 ceum
498 3446 833 3517 22;reginamJ0annam
840 3447 947 3502 16166-

395 3535 469 3592 sillis
486 3534 635 3599 convenit,
649 3535 786 3606 Borgiam
799 3535 835 3590 ad
856 3536 949 3592 cardi·

395 3625 525 3681 uelatum
550 3624 743 3680 recusandum
766 3623 944 3696 adhortatur,

396 3715 446 3781 263
474 3713 630 3769 Araozium
652 3713 740 3768 officii
761 3722 874 3784 monet,
903 3727 947 3784 273

397 3804 526 3874 Loyolae
547 3810 709 3872 recreatur,
735 3801 779 3870 283
804 3810 945 3873 aegrotat,

398 3903 447 3961 293
471 3899 678 3963 tempestatem
696 3891 786 3964 subit,
802 3889 847 3959 313
871 3891 946 3946 vica·

396 3979 457 4034 rius
480 3979 613 4050 eligitur,
636 3979 834 4050 importunum
851 3996 884 4035 se
903 3981 948 4050 Ig-

396 4067 477 4122 natio
506 4065 598 4122 luisse
623 4066 709 4138 dicit,
736 4076 887 4141 correptus
912 4071 949 4124 ab

397 4155 521 4228 ignatio,
542 4155 655 4211 Natalis
674 4155 829 4210 'consilium
851 4157 950 4228 magni

395 4245 533 4300 aestimat
554 4244 696 4316 ignatius,
724 4241 768 4313 323
795 4243 950 4300 facultates

396 4332 511 4388 obtinet
520 4331 672 4397 Societati,
681 4332 718 4387 de
730 4333 794 4403 ejus
804 4335 950 4405 guberna·

396 4421 477 4477 tione
490 4422 611 4494 inquirit
623 4421 766 4493 Ignatius,
782 4439 849 4477 eum
862 4422 949 4477 corri-

397 4509 450 4582 pit,
464 4520 547 4566 curat
560 4510 673 4584 Natalis
691 4518 724 4566 ut
736 4510 869 4580 Ignatius
881 4511 949 4566 scri·

396 4599 448 4653 bat
460 4607 525 4654 acta
536 4615 598 4670 sua,
611 4596 655 4671 33,
668 4597 712 4668 34;
727 4598 805 4670 apud
815 4598 950 4656 nuntium

397 4687 543 4745 Dolfinum
561 4687 739 4757 diversatur,
753 4687 819 4759 ejus
837 4687 953 4745 confes·

897 455 1027 516 1661666

1026 608 1124 664 aiones
1132 609 1222 680 audit,
1231 606 1587 679 Hundanumcognoscit,

1026 697 1058 754 in
1067 698 1229 754 haereticos
1240 698 1396 770 invehitur,
1407 696 1452 766 34;
1463 699 1502 752 ab
1512 698 1585 752 hae·

1027 786 1127 843 1661616
1137 793 1171 842 66
1183 786 1297 859 papista
1313 786 1450 842 convitiis
1464 785 1585 857 expeti·

1027 883 1084 947 tur,
1104 874 1307 930 vindobonam
1320 873 1431 946 invisit,
1450 875 1584 930 catechi-

1027 962 1239 1020 smumCanisii
1249 962 1470 1035 emendat,35;a
1482 963 1583 1018 consi-

1027 1052 1075 1108 liis
1085 1051 1198 1121 Lainio,
1210 1053 1344 1124 graviora
1360 1053 1480 1123 negotia
1496 1051 1585 1106 diffe-

1028 1139 1131 1213 renda,
1155 1140 1249 1196 donec
1273 1141 1399 1211 eligatur
1418 1141 1583 1212 generalis,

1028 1237 1140 1297 censet,
1148 1229 1585 1285 commentariainconstitutio-

1029 1335 1082 1374 nes
1092 1319 1287 1391 prosequitur,
1302 1319 1370 1374 inde
1384 1319 1492 1374 scholia
1511 1318 1585 1374 edu-

1029 1408 1080 1480 cit,
1088 1408 1304 1480 superintendit
1313 1409 1439 1479 collegio
1448 1425 1584 1480 romano,

1029 1496 1247 1551 adhortationes
1258 1497 1338 1560 facit,
1349 1509 1394 1566 503
1404 1497 1442 1551 de
1452 1497 1587 1552 Societa-

1030 1591 1061 1639 te
1074 1584 1183 1656 optime
1196 1584 1226 1639 16
1236 1584 1330 1639 turbis
1341 1585 1450 1655 primae
1460 1601 1589 1656 congre-

1029 1673 1157 1745 gationis
1167 1675 1587 1746 meretur,5t-59;Bobadillae

1032 1771 1063 1819 et
1074 1762 1195 1817 aliorum
1214 1762 1347 1818 delectus
1364 1772 1454 1828 notat,
1472 1780 1531 1818 non
1546 1781 1586 1818 ex

1032 1851 1250 1924 malevolentia,
1273 1852 1326 1907 sed
1343 1862 1376 1908 66
1392 1869 1499 1907 causae
1518 1869 1588 1924 per-

1032 1938 1207 1994 turbationis
1237 1939 1342 1994 melius
1366 1939 1586 2010 intelligantur,

1032 2036 1064 2083 et
1081 2027 1237 2083 Societatis
1254 2043 1371 2082 causam
1389 2035 1515 2097 tueatur,
1536 2025 1586 2096 53;

1032 2116 1259 2172 constitutiones
1288 2115 1483 2170 cardinalibus
1513 2117 1589 2170 Tra-

1033 2205 1118 2261 nensi
1131 2214 1162 2260 et
1173 2206 1323 2260 Reomano
1340 2206 1439 2276 legere
1450 2203 1587 2276 jubetur,

1033 2292 1078 2363 583
1091 2294 1122 2348 in
1135 2292 1291 2348 seditiosos
1304 2292 1460 2364 invehitur,
1481 2309 1543 2348 non
1557 2295 1588 2349 ei

1033 2383 1172 2454 probatur
1202 2380 1280 2454 quod
1304 2381 1431 2438 vicarius
1455 2399 1589 2438 canones

1032 2471 1254 2542 congregationi
1266 2471 1458 2543 praescribat,
1476 2483 1522 2542 59,
1536 2473 1587 2540 66;

1034 2568 1098 2614 acta
1120 2560 1150 2614 in
1168 2560 1260 2632 prima
1281 2561 1519 2632 congregatione,
1538 2561 1588 2631 60;

1033 2657 1157 2723 quatuor
1169 2658 1239 2704 vota
1257 2651 1323 2705 tulit
1335 2668 1387 2723 pro
1402 2653 1588 2721 generalem,

1033 2739 1079 2808 62;
1091 2739 1335 2811 superintendens
1345 2740 1462 2816 collegii
1472 2741 1589 2796 romani

1035 2837 1066 2884 et
1083 2828 1217 2883 minister
1237 2827 1341 2883 domus
1358 2828 1394 2883 ad
1411 2836 1528 2900 tempus
1539 2847 1588 2884 re-

1035 2917 1196 2990 nuntiatur,
1218 2917 1264 2987 64;
1286 2935 1303 2972 a
1326 2918 1456 2974 consiliis
1480 2919 1588 2974 Lainio

1036 3007 1162 3078 assistit,
1184 3006 1316 3078 disputat
1336 3023 1403 3062 cum
1427 3008 1587 3078 theologis,

1035 3095 1195 3150 meditatur
1215 3095 1246 3150 in
1263 3097 1425 3168 evangelia,
1449 3097 1494 3164 65;
1513 3097 1588 3152 assi·

1036 3184 1142 3240 stentis
1159 3185 1255 3240 officio
1272 3183 1414 3256 iungitur,
1436 3201 1500 3255 466,
1519 3185 1587 3254 656,

1035 3273 1099 3342 651;
1113 3272 1334 3328 instructionem
1348 3273 1437 3328 tradit
1448 3273 1485 3328 de
1498 3274 1590 3329 modo

1037 3361 1161 3418 docendi
1184 3361 1371 3432 theologiam,
1387 3362 1451 3430 4463
1475 3363 1591 3432 Arago-

1037 3448 1103 3504 niae
1116 3448 1282 3504 tirocinium
1292 3447 1406 3503 institui
1417 3457 1508 3520 curat,
1519 3449 1587 3520 666,

1037 3537 1100 3607 667;
1123 3537 1241 3608 collegii
1266 3537 1378 3593 romani
1402 3537 1591 3610 superinten-

1037 3627 1121 3700 dens,
1135 3625 1198 3694 656.

1002 3715 1196 3786 Navagerius,
1221 3715 1396 3786 Bernardus,
1419 3715 1588 3788 cardinalis,

1038 3805 1154 3876 legatus
1167 3804 1197 3859 in
1217 3805 1352 3873 concilio,
1377 3817 1422 3877 tx,
1444 3803 1506 3877 638,
1520 3819 1589 3878 645,

1039 3893 1105 3963 684.

1004 3981 1143 4046 Nasarro,
1158 3982 1194 4037 P.
1212 3982 1327 4047 Petrus,
1341 3981 1373 4038 S.
1387 3984 1434 4056 J.,
1451 4000 1590 4052 examen,

1041 4068 1106 4137 578.

1004 4156 1157 4227 -Petrus‚
1172 4157 1205 4213 S.
1221 4158 1443 4230 J.,coadjutor,
1459 4159 1520 4229 158,

1003 4247 1097 4300 -Dr.
1113 4245 1266 4317 Martinus,
1277 4265 1310 4302 v.
1326 4246 1513 4319 Azpilcueta.

1004 4331 1145 4406 Neapolis
1159 4335 1296 4406 (Napoli),
1309 4337 1476 4407 collegium,
1485 4337 1514 4402 6,
1526 4336 1593 4412 666,

1040 4422 1103 4494 443;
1114 4423 1268 4480 cardinalia
1280 4434 1312 4480 et
1323 4426 1468 4497 Societas,
1479 4425 1527 4496 63,
1541 4428 1592 4498 64;

1038 4511 1227 4585 provincialis
1239 4513 1403 4588 Salmeron,
1416 4515 1460 4572 6³:
1477 4533 1509 4574 v.
1524 4531 1592 4588 651,

1005 4687 1193 4761 Negalienos,
1208 4692 1346 4763 Thomas,
1359 4692 1394 4749 S.
1411 4695 1458 4767 J.,
1472 4693 1539 4764 588.
