3666 5384
432 463 469 534 ⁶4
855 457 890 511 P.
910 455 1052 512 Nar-ntis
1071 457 1236 513 Earinuan.

505 632 544 680 10
555 608 765 696 Septembris
780 618 834 678 est
848 606 1014 676 dissoluta
1028 605 1196 694 legittime
1211 606 1447 696 congregatio.

500 729 562 794 Est
578 726 757 794 emendata
771 721 885 793 versio
900 721 1005 790 latina
1025 722 1307 790 constitutionum
1328 745 1349 790 a
1364 743 1386 806 4
1405 721 1663 802 assistentibus,

433 853 469 912 et
484 842 565 908 data
580 839 682 926 typis.

500 956 578 1022 ¹17
594 952 712 1022 Voluit
726 975 782 1024 me
798 952 908 1022 redire
923 954 967 1019 ad
978 952 1160 1040 collegium
1177 955 1217 1020 P.
1232 955 1381 1040 Laynez,
1396 953 1453 1020 cui
1469 951 1540 1018 dixi
1552 951 1664 1020 libere

435 1069 543 1139 videri
559 1067 724 1136 rationem
741 1067 957 1155 gubernandi
973 1068 1108 1155 collegij
1125 1067 1224 1136 aliam
1245 1067 1503 1150 instituendam,
1524 1079 1563 1134 vt
1575 1089 1666 1154 pen-

436 1186 556 1254 derent
572 1183 686 1250 omnia
702 1205 722 1250 a
738 1183 1053 1269 superjntendente,
1072 1205 1137 1252 nec
1148 1205 1224 1252 eam
1235 1195 1396 1252 curarent
1407 1184 1463 1252 vel
1476 1184 1517 1249 Ρ.
1533 1184 1664 1249 Polan·

436 1320 510 1382 cus,
527 1300 583 1367 vel
600 1302 640 1367 P.
660 1297 805 1379 Madrid,
823 1297 882 1382 qui
898 1309 971 1366 erat
988 1299 1110 1366 modus
1121 1298 1334 1385 superiorum
1347 1309 1551 1385 temporum.
1566 1299 1665 1365 Con-

436 1413 540 1484 cessit
556 1416 671 1494 Pater,
690 1411 737 1479 iui
758 1414 801 1479 ad
817 1411 1013 1500 collegium,
1035 1415 1097 1480 sed
1112 1413 1221 1480 voluit
1242 1415 1345 1482 Pater
1363 1423 1402 1479 vt
1418 1413 1512 1500 prius
1532 1413 1672 1498 aliquot

436 1528 557 1599 diebus
572 1530 686 1595 locum
703 1526 845 1613 ministrj
862 1527 1052 1597 obtinerem
1074 1527 1178 1612 dorni,
1200 1528 1230 1595 si
1250 1529 1332 1615 quid
1353 1528 1528 1598 videretur
1543 1549 1667 1598 emen-

436 1644 600 1712 dandum.

503 1759 659 1846 Vrgebat
675 1757 825 1826 edictum
849 1757 947 1825 Pauli
969 1769 1008 1824 vt
1033 1759 1237 1826 haberemus
1256 1759 1262 1847 Ι
1282 1763 1437 1844 chorum;
1451 1759 1568 1846 itaque
1589 1759 1667 1847 pri-

436 1895 530 1941 mum
549 1871 764 1940 assueuimus
790 1871 906 1939 cantui
934 1871 1106 1958 priuatim,
1135 1872 1215 1940 dein
1238 1873 1450 1942 instituimus
1473 1895 1597 1943 canere
1625 1873 1667 1942 in

436 1991 543 2056 choro
555 1991 657 2054 horas
668 2009 788 2056 omnes
799 1987 982 2054 canonicas
1005 1987 1202 2071 theatinice,
1227 1999 1265 2055 vt
1288 1987 1435 2057 iusserat
1458 1991 1601 2070 PauluS,
1628 1988 1668 2056 id

436 2114 502 2187 est,
510 2105 640 2189 absque
652 2101 885 2170 modulatione
893 2102 1330 2186 ecclesiasticacontinenti,
1338 2115 1374 2173 et
1384 2127 1454 2173 vno
1464 2105 1664 2187 tonovocis,

439 2228 572 2286 tantum
595 2229 632 2284 vt
649 2218 766 2284 ultima
780 2215 911 2303 syllaba
931 2216 1028 2303 quasi
1048 2222 1318 2302 contraheretu13
1337 2229 1372 2288 et
1391 2219 1449 2286 hic
1464 2221 1523 2308 [est
1537 2223 1668 2288 chorus

438 2332 577 2400 habitus
595 2331 631 2398 in
652 2333 765 2412 domo,
798 2352 869 2399 non
889 2330 925 2398 in
945 2331 1106 2419 collegio,
1128 2343 1163 2400 et
1183 2333 1344 2426 nulli[bi],
1369 2336 1462 2420 quod
1486 2333 1605 2416 sciam,
1630 2335 1671 2402 in

440 2446 612 2517 Societate
628 2457 803 2533 praeterea
818 2445 987 2514 admissus
1004 2449 1027 2512 ¹.

507 2623 589 2692 rto
934 2627 1158 2693 reaestuat

507 2795 706 2862 Postulatus
737 2802 789 2862 est
820 2815 840 2859 a
871 2791 990 2884 regina
1021 2795 1253 2883 Portugalliae
1279 2807 1315 2866 et
1337 2797 1501 2865 cardinali
1532 2799 1670 2871 infante

441 2912 482 2977 Ρ.
500 2907 700 2977 Ludouicus
713 2908 897 2993 Goncales,
911 2908 1084 2992 assistens,
1101 2921 1140 2977 vt
1151 2921 1243 2978 esset
1252 2911 1346 2999 regis
1361 2913 1460 3000 pueri
1471 2915 1670 2984 Sebastiani

440 3022 627 3103 institutor,
641 3021 722 3090 etin
733 3021 853 3106 literis,
867 3033 902 3092 et
913 3023 1076 3092 moribus
1085 3027 1168 3094 Visa
1179 3036 1232 3095 est
1244 3047 1348 3095 causa
1358 3026 1496 3112 idonea,
1511 3051 1574 3099 cur
1584 3032 1670 3100 mit-

441 3147 582 3218 teretur,
601 3136 799 3222 praesertim
816 3159 922 3223 quum
935 3138 982 3204 ita
1002 3143 1247 3210 contenderent
1263 3141 1311 3209 illi
1326 3141 1510 3231 principes,
1528 3157 1566 3213 vt
1587 3149 1670 3216 abs-
1794 3215 1795 3238 χ

440 3273 509 3339 que
524 3251 690 3339 singulari
707 3252 896 3322 offensione
906 3252 1042 3320 illorum
1053 3255 1174 3341 negari
1186 3279 1257 3324 non
1272 3257 1446 3328 videretur
1458 3283 1571 3347 posse.
1586 3263 1671 3334 Dis·

439 3367 554 3449 cessit3
580 3388 650 3434 non
669 3376 722 3435 est
746 3377 860 3435 tamen
881 3369 1088 3436 substitutus
1109 3375 1149 3438 P.
1174 3372 1378 3442 Franciscus
1394 3376 1482 3444 alius
1502 3378 1672 3448 assistens

440 3492 526 3551 ante
541 3504 670 3550 annum
686 3484 740 3551 62.
1793 3559 1794 3562 Ἴ

508 3597 614 3666 Venit
630 3601 671 3664 P.
691 3599 833 3667 Toletus
849 3601 1003 3667 Romam:
1022 3600 1178 3668 consului
1200 3613 1236 3669 vt
1256 3604 1397 3674 doceret
1420 3608 1432 3640 ⁵
1455 3611 1669 3697 metaphysi-
1793 3583 1794 3610 ἒ

440 3733 516 3782 cam
532 3712 568 3779 in
583 3712 833 3796 vacationibus,
848 3716 940 3800 quod
956 3713 1059 3783 cessit
1074 3736 1095 3782 e
1109 3717 1291 3785 sententia.

507 3828 612 3896 Venit
634 3830 676 3896 P.
695 3829 896 3898 Ledesmus:
919 3829 949 3898 is
968 3831 1142 3918 specimen
1157 3831 1273 3902 variae
1288 3835 1491 3904 eruditionis
1510 3842 1673 3925 praebuit
1792 3909 1793 3936 ἶ

439 3945 475 4010 in
490 3943 563 4012 suis
579 3943 794 4012 lectionibus:
818 3967 860 4014 ex
881 3945 1079 4032 probatione
1094 3949 1138 4018 de
1161 3949 1370 4034 ponderibus
1388 3973 1499 4038 vsque
1514 3963 1551 4021 et
1571 3977 1671 4024 men·
1792 3937 1793 3958 ἶ

439 4060 529 4128 suris
544 4059 642 4126 dixit.
664 4059 671 4148 Ι

505 4177 623 4262 Quum
645 4177 776 4244 Paulus
797 4175 977 4244 abiecisset
997 4189 1140 4265 nepotes
1156 4199 1287 4264 omnes,
1307 4194 1443 4271 praeter
1463 4185 1674 4256 cardinalem

437 4290 705 4379 neapolitanum,
723 4291 875 4360 vidimus
891 4294 1033 4360 Romam
1049 4295 1203 4364 moribus
1218 4298 1447 4368 reformatam.

493 4485 502 4518 ¹
539 4479 589 4536 Nil
603 4481 746 4554 scriptum
760 4479 850 4536 estin
863 4479 917 4536 iol.
938 4478 1001 4536 118.

491 4575 503 4606 ²
541 4571 616 4640 Ma,
637 4584 685 4638 5o.

491 4661 504 4694 ⁸
543 4660 613 4730 lis,
626 4662 659 4714 vt
672 4659 706 4715 ira
718 4660 845 4716 doceret.
