3666 5384
829 420 898 490 155³
1437 433 1476 492 ,ιτ

233 573 497 660 compendium,
517 573 611 658 quod
625 572 842 660 explicarem,
865 572 894 640 si
910 595 1029 641 verum
1046 594 1115 641 non
1135 573 1321 661 reciperem
1341 573 1473 645 interea

235 690 451 775 exemplum,
468 688 600 758 interea
615 699 653 755 vt
669 709 879 775 exponerem,
890 711 1045 758 examen.

310 803 465 872 Euocaui
480 803 596 871 statim
609 807 649 871 P.
667 805 857 890 Goncalem
872 803 1070 872 Conimbria
1085 826 1147 891 pro
1163 804 1414 873 concionatore.

309 919 355 986 D.
374 920 591 1000 Torrensem,
610 918 669 1005 qui
695 929 768 988 erat
790 920 834 987 ad
846 920 882 988 S.
903 918 1047 988 Foelicis
1063 921 1071 954 ¹
1090 919 1168 987 Misi
1183 921 1345 988 loannem
1377 923 1471 988 Pau-

234 1035 315 1101 lum
330 1034 376 1101 ad
392 1037 432 1102 P.
451 1036 480 1102 F
480 1034 672 1102 ranciscum
687 1034 717 1101 si
731 1034 835 1103 vellet
850 1033 980 1103 venire.
1054 1036 1059 1048 '

309 1152 352 1217 P.
370 1148 587 1230 FranciscuS,
609 1150 680 1218 dux
707 1149 863 1217 Gandiae
883 1160 918 1216 et
937 1150 1089 1217 marchio
1116 1150 1257 1219 Lombai
1278 1152 1290 1185 '
1312 1152 1389 1220 fuit:
1411 1153 1468 1222 hic

234 1275 356 1332 motus
367 1263 536 1352 religione
546 1266 731 1346 Granatae‚
740 1286 845 1350 quum
858 1275 1031 1351 praeesset
1045 1263 1156 1334 funeri
1169 1276 1338 1352 augustae
1357 1267 1363 1356 Ι
1382 1290 1469 1335 vxo-

228 1379 286 1448 ris
302 1380 418 1448 Caroli
435 1379 494 1463 5.i‚
517 1379 667 1466 suscepit
687 1378 902 1466 prouinciam
923 1379 1148 1447 Catholoniae
1168 1379 1305 1450 vicerex
1320 1383 1346 1463 ¹,
1365 1403 1467 1468 quam

231 1515 347 1580 quum
359 1493 548 1585 gereretffl,
562 1493 684 1562 habuit
695 1494 978 1562 consuetudinem
988 1515 1068 1563 cum
1077 1495 1118 1562 Ρ.
1131 1496 1244 1562 Fahro
1257 1505 1292 1564 et
1303 1497 1464 1580 Araozio,

227 1619 273 1679 et
283 1613 507 1678 vehementer
517 1609 664 1697 profecit
676 1608 712 1676 in
724 1608 851 1696 pietate
861 1621 897 1676 et
910 1631 1023 1676 rerum
1032 1609 1259 1696 spiritualium
1271 1611 1465 1681 meditatio-

231 1747 295 1793 ne.
310 1725 457 1795 Decedit
468 1749 487 1793 a
500 1725 688 1812 prouincia:
702 1725 798 1795 venit
809 1725 992 1794 Gandiam:
1006 1725 1054 1793 ibi
1064 1727 1286 1794 confirmatus
1301 1749 1345 1795 ex
1357 1739 1465 1795 morte

230 1841 369 1922 vxoris,
387 1841 468 1910 fecit
488 1839 662 1922 exercitia,
685 1850 720 1908 et
736 1839 842 1929 elegit
857 1839 1038 1910 Societatis
1054 1840 1261 1923 institutum,
1280 1853 1315 1909 et
1335 1854 1428 1928 vota,
1444 1861 1463 1911 2

231 1955 327 2042 lunij
349 1957 445 2041 1546,
463 1967 498 2024 et
514 1955 652 2024 inchoat
667 1956 851 2042 collegium
871 1955 1093 2039 gaudianum:
1111 1957 1171 2023 dat
1190 1978 1327 2043 operam
1343 1956 1462 2025 literis:

230 2081 375 2139 creatur
401 2071 522 2138 doctor
547 2071 741 2158 theologus.
769 2069 1041 2158 Primogenitum
1057 2080 1092 2139 et
1114 2089 1132 2138 2
1154 2070 1241 2138 filias
1261 2073 1406 2139 collocat
1428 2071 1464 2138 in

228 2185 492 2254 matrimonium
502 2184 753 2254 honestissime.
772 2185 909 2252 2Facit
919 2186 1176 2272 professionem3
1189 2209 1309 2255 verum
1324 2209 1367 2255 ex
1379 2208 1464 2254 con-

223 2300 393 2370 cessione
408 2301 532 2368 summi
547 2299 719 2388 pontificis
734 2299 1011 2368 condicionatum
1025 2302 1071 2367 ad
1091 2301 1221 2387 aliquot
1235 2323 1356 2369 annos.

304 2417 409 2484 Anno
429 2419 511 2500 1548
528 2416 638 2504 prima
648 2415 824 2502 Februarij
842 2415 962 2483 habuit
973 2415 1130 2484 Gandiae
1141 2437 1302 2504 magnam
1314 2437 1462 2484 consue-

228 2531 391 2599 tudinem
407 2551 486 2598 cum
502 2533 670 2599 monacho
686 2531 899 2598 franciscano
915 2531 1075 2600 Taxceda
1090 2533 1116 2615 ⁴,
1132 2531 1207 2599 viro
1216 2527 1347 2602 'eximie
1361 2554 1462 2600 exer-

227 2647 344 2714 citato
359 2645 394 2712 in
411 2647 578 2714 oratione.

304 2761 384 2829 Fuit
396 2764 537 2829 Romam
559 2773 723 2830 euocatus
751 2783 771 2828 a
799 2763 839 2828 P.
870 2761 1004 2848 ignatio
1025 2783 1116 2828 anno
1135 2761 1272 2828 iubilaei
1287 2841 1288 2846 ¹
1304 2777 1399 2845 1550:
1418 2783 1460 2829 eo

225 2875 344 2958 venit,
361 2876 491 2943 cultum
503 2877 615 2944 adhuc
627 2875 779 2946 retinens
795 2876 995 2944 secularem.
1015 2875 1134 2943 Voluit
1145 2875 1357 2963 peregrinari
1373 2875 1461 2945 Hie-

226 2992 452 3077 rosolymam,
467 2993 559 3076 quod
570 2991 730 3058 dissuasit
742 2995 783 3058 P.
797 2989 963 3078 lgnadus,
977 2992 1085 3058 Multa
1094 2989 1186 3058 milia
1197 2990 1322 3057 dicitur
1331 2992 1461 3060 Romae

227 3105 412 3191 reliquisse
427 3107 471 3173 ad
491 3105 719 3173 inchoandam
741 3105 974 3174 fundationem
997 3105 1148 3192 collegij:
1170 3105 1176 3194 1
1196 3106 1386 3174 construxit
1402 3129 1462 3193 pa·

223 3222 365 3302 rietem,
376 3221 435 3307 qui
446 3221 556 3288 munit
567 3242 587 3289 e
598 3219 655 3289 via
663 3219 801 3308 publica
811 3225 949 3288 hortum
961 3242 1150 3288 romanum.
1160 3223 1333 3288 Reuersus
1345 3221 1380 3286 in
1393 3221 1460 3288 Hi-

221 3335 386 3423 spaniam
412 3337 555 3405 secessit
573 3336 609 3404 in
636 3335 856 3404 Cantabriam
876 3334 972 3403 iuxta
993 3338 1158 3419 Ottatum,
1181 3336 1251 3418 vbi,
1280 3336 1459 3404 aedificata

224 3453 453 3533 domuncula,
472 3461 564 3519 totus
581 3462 654 3521 erat
669 3451 705 3517 in
721 3451 887 3532 oratione,
906 3449 1237 3530 mortificationibus,
1255 3462 1322 3521 etc.
1346 3452 1396 3518 Eo
1416 3452 1460 3518 ad

227 3569 347 3656 ipsum
367 3577 537 3636 venerunt
552 3567 623 3635 don
644 3566 817 3635 Antonius
837 3589 857 3633 a
878 3567 1051 3647 Corduba,
1069 3567 1140 3634 don
1155 3565 1327 3636 Sanchius
1347 3589 1367 3634 a
1389 3566 1459 3633 Ca-

228 3683 346 3763 stella,
366 3685 406 3750 P.
426 3683 684 3750 Bustamantius
703 3693 739 3750 et
759 3681 827 3768 alij,
851 3693 885 3748 et
905 3681 979 3749 eius
1000 3680 1225 3749 instructione
1240 3681 1340 3749 factis
1361 3702 1452 3751 exer·

224 3797 342 3884 citijs,
363 3798 542 3885 elegerunt
570 3796 752 3866 Societatis
772 3797 977 3864 institutum.
1000 3797 1093 3864 Hinc
1115 3796 1285 3865 concessit
1306 3800 1456 3884 BurgoS,

223 3915 326 4002 quod
342 3924 481 3982 noceret
496 3913 571 3981 eius
586 3912 774 3983 valetudini
789 3913 855 3980 loci
870 3913 962 3980 illius
977 3912 1174 3994 humiditas,
1192 3912 1260 3981 iam
1275 3911 1366 3981 enim
1383 3931 1458 3978 mo-

221 4031 319 4097 lares
335 4028 456 4098 dentes
472 4029 643 4110 amiserat,
658 4039 724 4097 etc.
745 4029 846 4096 Hanc
864 4039 977 4096 tamen
992 4026 1231 4115 migrationem
1247 4029 1278 4095 8
1295 4028 1376 4095 fecit
1387 4047 1457 4095 non

281 4273 290 4304 ¹
329 4266 515 4324 Sententiam
528 4268 732 4342 imperfectam
743 4268 864 4343 reliquit
876 4276 989 4325 auctor.
1003 4269 1089 4341 Quae
1102 4267 1203 4325 dicere
1216 4267 1311 4324 voluit
1323 4267 1459 4341 probabi-

215 4361 294 4416 liter
304 4373 341 4412 ea
351 4366 431 4428 sunt,
444 4375 519 4430 quae
531 4358 596 4430 ipse
606 4357 724 4430 scripsit
734 4357 764 4414 in
774 4359 865 4430 epist.
880 4369 926 4430 54,
937 4375 966 4412 n.
980 4369 1023 4414 11.
1034 4356 1111 4412 Vide
1122 4357 1221 4430 Epist.
1232 4356 1351 4428 Natat„
1360 4357 1385 4427 I,
1397 4367 1448 4426 177

280 4451 292 4482 ¹
332 4446 401 4518 Mn,
417 4445 557 4502 Gombai.

280 4537 293 4569 ⁸
332 4535 627 4606 Inmargine:t539.

281 4625 296 4658 ⁴
334 4621 395 4692 Sic,
406 4638 458 4695 pro
475 4623 603 4679 Tenedo.
