3526 5380
383 500 433 560 194
793 483 900 538 Errsr.
923 480 957 534 P.
978 479 1180 549 Nuntia-245

448 657 480 722 7.
530 639 570 704 El
590 647 699 706 rettor
725 637 768 704 de
795 633 953 702 1116111111ι
981 653 1080 718 spera
1107 631 1151 698 N.
1179 634 1218 699 P.
1249 635 1324 698 sara
1348 631 1476 698 aiutato
1504 631 1600 718 peril

383 758 423 823 P.
444 753 603 836 Vittoria,
621 750 861 838 specialmente
876 747 1059 816 hauendoli
1075 746 1193 814 scritto
1209 749 1253 814 N.
1271 749 1310 813 P.
1327 768 1395 814 una
1406 748 1527 816 lettera
1539 768 1603 814 con

382 873 415 938 la
432 869 532 956 quale
548 890 648 955 spero
663 867 691 934 si
709 867 850 933 aiutara.

449 987 480 1051 8.
531 988 597 1052 Per
613 983 636 1048 il
662 980 808 1068 collegio
829 979 872 1046 de
893 976 1140 1064 Strambinga’
1163 999 1231 1044 non
1253 977 1282 1044 si
1303 999 1400 1064 spera
1415 977 1600 1064 prouission

381 1101 476 1168 final
493 1120 582 1166 anno
598 1101 661 1165 che
678 1096 789 1176 uiene,
808 1106 843 1162 et
859 1087 919 1180 per
939 1094 971 1159 al
986 1096 1069 1160 hora
1089 1114 1158 1159 non
1174 1098 1332 1160 mancare
1351 1115 1415 1159 con
1438 1095 1470 1159 la
1490 1091 1602 1158 diuina

383 1216 505 1304 gratia3
524 1217 649 1302 perche
673 1214 808 1290 adesso,
834 1231 931 1278 come
953 1212 1068 1276 hanno
1090 1207 1209 1276 scritto
1224 1211 1301 1276 VV.
1332 1211 1419 1289 RR..
1445 1230 1515 1274 non
1540 1208 1605 1274 cie

381 1331 437 1398 chi
453 1331 481 1397 si
496 1351 597 1417 possa
612 1349 715 1395 cauar
727 1327 806 1395 delli
825 1325 926 1411 studij
950 1346 1052 1393 senza
1072 1325 1223 1394 notabile
1243 1323 1464 1404 detrimento,
1486 1334 1520 1391 et
1541 1343 1601 1390 con

383 1467 468 1532 poca
484 1466 648 1532 speranza
663 1444 719 1509 del
735 1445 852 1510 6116110
868 1443 932 1508 che
947 1439 976 1507 si
992 1439 1158 1509 desidera.

450 1584 482 1650 9.
531 1561 599 1627 All'
633 1557 853 1626 arciuescouo
894 1558 938 1623 de
969 1555 1147 1642 Satisburg
1174 1558 1219 1622 ha
1245 1556 1363 1622 scritto
1394 1557 1438 1622 N.
1469 1557 1509 1621 P.
1539 1574 1603 1619 una

383 1679 502 1743 lettera
518 1697 578 1762 per
593 1675 615 1740 il
633 1677 672 1741 P.
689 1671 852 1758 Vittoria‚
867 1673 898 1737 al
912 1673 1012 1756 quale
1023 1674 1068 1737 ha
1083 1673 1163 1739 dato
1175 1670 1378 1738 comissione
1390 1673 1454 1736 che
1469 1669 1605 1736 intende

385 1794 417 1858 la
436 1794 577 1858 uolunta
592 1789 626 1855 (11
643 1810 705 1856 sua
721 1785 822 1868 gria,
841 1797 876 1856 et
892 1790 956 1853 che
972 1785 1084 1853 scriua
1100 1789 1125 1854 ⁸.

454 1926 504 1973 10.
554 1907 609 1972 Ha
633 1884 717 1970 fatto
740 1901 932 1990 prouission
948 1904 992 1969 N.
1012 1904 1052 1968 P.
1076 1905 1140 1971 che
1155 1902 1179 1967 li
1199 1901 1401 1969 110161116116
1421 1901 1451 1967 si
1467 1901 1603 1966 manda-

384 2043 491 2089 ranno
506 2023 550 2089 de
566 2020 623 2106 qui
640 2018 756 2085 auanti
773 2041 793 2084 a
809 2018 994 2086 Germania
1010 2039 1080 2084 non
1096 2017 1270 2104 uenghino
1285 2018 1374 2084 della
1394 2037 1531 2084 manera
1545 2017 1607 2080 che

385 2139 432 2204 fin
448 2140 569 2205 adesso
584 2157 651 2202 eon
667 2134 690 2199 li
706 2133 782 2200 suoi
798 2133 950 2218 dissegni
963 2133 988 2214 ⁴,
1012 2143 1078 2199 etc.
1102 2144 1138 2200 et
1153 2134 1238 2201 altre
1259 2154 1338 2200 cose
1355 2129 1427 2198 utili
1449 2155 1509 2218 per
1523 2135 1605 2199 Ger·

387 2252 511 2333 mania,
529 2252 678 2318 secondo
693 2253 757 2317 che
774 2250 817 2315 V.
838 2251 879 2314 R.
898 2248 944 2313 mi
966 2247 1098 2314 ricordo
1114 2247 1257 2316 essendo
1273 2249 1316 2314 10.

458 2385 508 2432 11.
555 2366 654 2433 Delle
671 2363 861 2430 fundationi
883 2363 926 2430 de
941 2361 1076 2449 collegij
1095 2385 1192 2449 spero
1217 2384 1284 2430 con
1307 2364 1339 2430 10
1361 2363 1478 2430 diuina
1500 2363 1607 2450 gratia

279 2481 282 2489 '
387 2484 451 2548 che
468 2502 535 2547 non
562 2479 672 2548 usciro
685 2479 717 2545 io
739 2479 773 2544 di
797 2478 982 2546 Germania
1005 2481 1069 2546 che
1092 2500 1164 2545 non
1186 2478 1215 2546 si
1240 2479 1332 2545 tratti
1357 2490 1391 2547 et
1417 2499 1529 2564 uenga
1545 2501 1607 2544 con

387 2599 503 2664 buono
520 2599 642 2664 effecto
658 2597 690 2661 la
707 2593 905 2662 fundatione
921 2593 955 2660 di
972 2593 1053 2659 tutti
1070 2595 1094 2658 ⁸.

460 2731 509 2780 12.
560 2713 600 2778 El
628 2712 667 2776 Ρ.
699 2713 782 2776 M.r0
811 2710 988 2778 Salmeron
1015 2709 1153 2777 attende
1180 2711 1212 2775 al
1238 2709 1446 2778 catechismo
1473 2711 1498 2790 ⁶,
1527 2720 1561 2776 et
1585 2708 1606 2773 il

387 2831 511 2894 Dottor
528 2827 635 2893 Paiua
651 2826 713 2891 alla
729 2846 793 2891 sua
813 2823 969 2912 apologia
988 2827 1011 2906 '3
1035 2834 1069 2892 et
1086 2824 1119 2890 io
1135 2827 1180 2891 ho
1196 2824 1398 2891 cominciato
1415 2847 1474 2911 per
1494 2824 1610 2890 ordine

387 2941 421 3007 di
438 2953 555 3007 nostro
572 2943 682 3008 Padre
699 2962 747 3006 un
761 2939 911 3026 dialog0,
931 2940 986 3007 nel
1002 2941 1101 3024 quale
1117 2961 1155 3009 se
1175 2939 1399 3006 introducono
1421 2961 1490 3006 uno
1505 2939 1611 3006 amico

388 3058 432 3123 de
448 3057 479 3122 la
495 3037 707 3142 Compagnia
727 3075 823 3123 come
846 3076 892 3121 un
912 3064 1122 3140 protestante
1141 3065 1176 3122 et
1198 3077 1244 3121 un
1264 3055 1422 3122 cattolico
1442 3054 1610 3121 contrario

388 3171 452 3240 alla
468 3172 691 3256 Compagnia,
709 3171 801 3236 doue
817 3168 845 3235 s'i
863 3173 1003 3236 trattara
1018 3170 1095 3236 dell'
1114 3169 1271 3236 instituto
1283 3171 1376 3238 della·
1388 3168 1605 3256 Compagnia.

390 3289 447 3353 Ma
463 3307 526 3352 son
542 3295 637 3351 tanto
659 3287 702 3350 da
722 3306 820 3371 poc0,
844 3296 879 3353 et
901 3295 995 3350 tanto
1015 3283 1125 3351 alieno
1146 3287 1189 3353 de
1209 3284 1326 3365 studii,
1346 3287 1411 3352 che
1433 3306 1502 3350 non
1522 3305 1557 3350 so
1574 3305 1614 3350 se

389 3403 527 3488 passari)
544 3399 660 3467 auanti
676 3402 701 3466 ⁸.
721 3401 764 3467 V.
784 3403 823 3467 R.
841 3399 963 3488 preghi
984 3400 1079 3467 Iddio
1095 3421 1156 3486 per
1171 3422 1237 3467 me.

450 3625 458 3656 ¹
496 3621 529 3675 P.
544 3622 652 3676 Paulus
666 3621 818 3676 Hoffaeus.
830 3621 859 3684 ‚V
861 3620 909 3676 ide
922 3620 1008 3696 epist.
1024 3619 1085 3689 234.

449 3713 461 3745 ¹
498 3709 574 3765 Vide
588 3711 675 3782 epist.
690 3710 753 3781 228,
766 3728 796 3764 11.
809 3710 836 3777 8;
852 3701 1001 3778 61235,11.
1016 3708 1042 3764 3.

445 3801 456 3830 ⁵
493 3797 569 3853 Vide
595 3799 682 3871 epist.
712 3798 774 3863 232,
798 3817 830 3854 n.
857 3797 885 3853 3.
909 3799 1157 3871 Archiepiscopus
1180 3799 1407 3870 salisburgensis
1430 3809 1492 3856 6101
1514 3800 1611 3855 Rmus.

391 3889 429 3942 D.
448 3888 577 3958 Joannes
591 3890 720 3958 jacobus
734 3888 841 3943 Khueu
854 3887 891 3943 de
905 3890 1022 3960 Belasy.

444 3980 456 4011 ⁴
493 3977 568 4031 Vide
582 3977 668 4050 epist.
686 3976 734 4031 231
752 3996 783 4032 n.
802 3991 832 4032 2.

445 4067 457 4100 ³
494 4064 569 4119 Vide
584 4066 670 4138 epist.
685 4079 748 4135 2273
764 4075 794 4121 61
808 4065 868 4135 237,
885 4084 935 4121 nn.
953 4074 1029 4122 1061
1044 4079 1087 4122 11.

444 4156 456 4189 ⁰
493 4153 569 4209 Vide
583 4155 669 4227 epist.
684 4154 748 4226 232,
762 4173 791 4209 n.
806 4168 833 4223 23
848 4165 878 4210 61
892 4153 986 4224 24311.
1000 4173 1027 4226 4.

444 4241 456 4280 ⁷
493 4241 568 4298 Vide
582 4243 669 4316 epist.
684 4243 746 4312 2233
762 4245 825 4316 228,
839 4263 888 4300 nn.
903 4258 960 4315 2·5;
975 4255 1005 4300 et
1019 4245 1081 4316 235,
1095 4265 1124 4302 n.
1142 4259 1184 4303 10.

444 4333 456 4366 ⁸
493 4331 569 4387 Vide
580 4333 667 4404 epist.
689 4347 752 4405 229,
772 4352 801 4388 n.
822 4349 848 4404 5.
872 4334 922 4390 Cf.
943 4336 1032 4390 etiarn
1051 4337 1152 4408 Epist.
1174 4337 1291 4402 Natul„
1312 4338 1337 4408 1,
1354 4347 1567 4402 xxxv-mvn,
1584 4338 1611 4385 et

392 4419 478 4485 infra,
493 4421 578 4493 epist.
595 4440 611 4476 a
625 4423 722 4477 Natali
740 4422 776 4477 ad
795 4423 951 4479 Araozium
968 4437 979 4478 1
995 4425 1146 4480 Februarii
1166 4426 1234 4496 1564
1251 4425 1358 4495 datam,
1377 4426 1427 4481 ubi
1445 4441 1478 4480 se
1495 4422 1611 4496 primurn

392 4508 545 4565 dumtaxat
558 4510 706 4582 dialogum
721 4521 751 4568 et
763 4512 913 4568 dimidiam
932 4520 1044 4586 partem
1058 4515 1179 4570 secundi
1192 4517 1391 4588 composuisse
1403 4513 1518 4583 asserit,
1532 4509 1612 4584 priori

393 4600 540 4670 proposito
554 4609 677 4672 quatuor
690 4601 823 4672 dialogos
841 4603 1025 4677 lucubrandi,
1044 4605 1082 4659 ob
1096 4605 1234 4677 temporis
1252 4605 1414 4676 angustias,
1428 4603 1542 4659 relicto.
1563 4597 1610 4653 Cf.

394 4686 512 4742 tandem
530 4689 798 4761 Bnnoussenoen,
812 4693 871 4746 loc.
889 4693 958 4762 cit„
972 4693 1027 4761 111,
1041 4705 1102 4764 579.
