3544 5390
723 435 887 495 Aaronom

660 735 667 749 ·
748 718 852 806 rxp

613 857 793 931 Jonunas
812 861 986 919 nunnus

511 1001 548 1040 ex
560 984 768 1042 commissione
780 985 813 1042 P.
828 986 973 1043 Leonardi
986 988 1091 1044 Kessel

596 1123 703 1173 PATRI
720 1123 857 1186 JACOBO
874 1125 1006 1173 LAlNEZ

475 1237 655 1319 Coloniae,
687 1257 705 1306 2
734 1239 946 1325 Septembris
978 1241 1061 1324 1562
1094 1241 1115 1307 ¹.

374 1373 466 1430 Gesta
477 1371 599 1427 Natalis
611 1371 643 1428 in
657 1372 779 1446 collegii
790 1373 967 1428 coloniensis
975 1374 1225 1446 perlustratione.

254 1492 520 1574 ...Posteaquam
537 1488 737 1556 Reverenda
753 1487 946 1560 Paternitas
962 1491 1049 1570 Tua,
1067 1488 1237 1575 generalis
1249 1490 1409 1558 commis·

183 1577 295 1646 sarius
310 1581 351 1646 R.
371 1582 411 1647 P.
436 1577 666 1663 Hieronymus
687 1577 829 1657 Natalis,
859 1588 894 1645 et
920 1599 999 1644 cum
1015 1599 1056 1645 eo
1085 1579 1126 1644 R.
1144 1581 1193 1645 P.
1213 1579 1408 1648 Euerardus

184 1667 421 1737 Mercurianus
436 1665 665 1753 prouincialiS,
687 1667 920 1734 Reverendam
943 1666 1186 1733 Paternitatem
1208 1669 1317 1734 Tuam
1338 1691 1408 1736 non

182 1757 231 1823 ita
246 1756 306 1823 diu
321 1768 398 1842 post
412 1755 599 1835 subsecuti,
617 1757 683 1822 hoc
699 1765 851 1822 nostrum
867 1755 1049 1842 collegium
1063 1755 1256 1837 visitarunt,
1271 1778 1405 1824 rursum

183 1867 304 1914 omnes
317 1855 399 1912 vota
410 1866 473 1936 sua
488 1848 562 1912 Deo
577 1845 786 1925 obtulerunt,
805 1843 893 1912 inter
904 1866 991 1930 quos
1003 1854 1075 1911 tum
1088 1863 1110 1928 4
1123 1845 1260 1912 fuerunt
1271 1846 1404 1929 nouitii‚

183 1934 243 2021 qui
259 1935 352 2002 nulla
369 1944 447 2002 ante
463 1944 543 2001 vota
559 1933 752 2002 emiserant.
772 1935 815 2001 Et
830 1944 944 2000 autem
961 1936 999 2000 R.
1018 1935 1058 2001 P.
1082 1933 1334 2002 commissarius
1349 1937 1406 2003 hic

184 2034 254 2091 tres
269 2023 474 2110 septimanas
489 2033 714 2090 conuersatus
730 2043 856 2109 magno
872 2030 964 2090 certe
976 2022 1112 2109 collegii
1124 2023 1227 2106 bono,
1242 2034 1277 2090 et
1289 2036 1405 2090 nostra
1483 2087 1489 2098 ,

182 2113 432 2194 consolatione3
454 2133 603 2197 vereque
625 2124 803 2198 paternum
824 2133 924 2178 suum
945 2132 1027 2198 erga
1048 2133 1110 2178 nos
1131 2124 1166 2180 et
1187 2122 1291 2178 totam
1313 2114 1404 2182 Ger-

182 2203 331 2269 maniam
347 2200 498 2268 animum
513 2199 709 2267 declarauit.
730 2200 955 2286 Quotidianas
970 2203 1216 2287 propemodum
1230 2203 1272 2269 de
1285 2201 1404 2271 Socie-

182 2292 263 2359 tatis
277 2291 434 2358 instituto
450 2289 632 2358 conciones
648 2289 690 2355 ad
704 2292 823 2357 Patres
839 2299 874 2358 et
891 2291 1010 2357 batres
1026 2289 1157 2373 habuit,
1175 2300 1210 2357 et
1225 2290 1404 2358 conuicto-

182 2403 238 2450 res
259 2382 303 2450 ad
322 2379 460 2458 virtutis
482 2389 517 2446 et
536 2377 671 2464 pietatis
691 2377 803 2445 studia
822 2378 923 2446 etiam
945 2388 997 2444 est
1017 2381 1227 2447 adhortatus.
1253 2379 1404 2448 Plurima

181 2480 358 2557 praeterea
373 2467 633 2556 prudentissime
648 2466 836 2549 constituit,
851 2479 886 2536 et
897 2467 1010 2534 omnia
1025 2468 1068 2536 ad
1085 2467 1246 2554 optimam
1260 2470 1404 2536 formam

182 2557 328 2644 redegit.
348 2560 504 2645 Quorum
516 2556 791 2642 exequendorum
804 2556 914 2642 gratia
927 2564 1003 2642 post
1015 2557 1089 2624 eius
1100 2555 1288 2625 discessum
1302 2561 1343 2624 R.
1359 2561 1401 2624 P.

183 2647 414 2735 prouincialis,
431 2669 492 2715 sex
508 2648 620 2712 adhuc
639 2645 712 2714 dies
734 2647 825 2731 apud
845 2667 907 2712 nos
928 2645 1101 2726 remansit,
1119 2656 1154 2711 et
1174 2647 1246 2713 suis
1266 2668 1404 2732 quoque

183 2735 397 2806 sermonibus
409 2735 539 2802 animos
556 2746 590 2803 et
605 2734 760 2823 spiritum
777 2734 812 2801 in
824 2734 948 2802 nostris
961 2735 1066 2802 auxit.
1083 2737 1189 2801 Porro
1201 2738 1242 2803 R.
1259 2737 1299 2802 P.
1316 2737 1404 2803 Leo-

183 2828 324 2908 narduS,
342 2836 457 2894 noster
472 2825 627 2912 superior
643 2834 734 2891 totus
754 2825 855 2890 modo
876 2823 911 2889 in
931 2826 997 2891 hoc
1014 2823 1203 2905 incumbit,
1218 2836 1255 2890 ut
1275 2825 1403 2891 consti-

184 2927 259 2982 tuta
273 2937 334 3000 per
351 2917 391 2983 R.
416 2918 458 2981 P.
487 2913 755 2981 commissarium
780 2913 815 2979 in
838 2934 937 2980 vsum
954 2914 1120 2992 traducat,
1148 2914 1330 2999 locumque
1349 2936 1403 2980 re-

182 3003 349 3073 creationi
371 3005 511 3072 fratrum
540 3013 657 3089 aptum
684 3002 852 3084 aedificat3
876 3003 997 3070 fratres
1023 3013 1136 3068 autern
1157 3001 1191 3067 in
1217 3002 1403 3088 disciplinis

182 3092 357 3172 faciendis,
375 3091 535 3177 aquibus
551 3091 701 3177 quidam,
720 3090 916 3178 praesertim
933 3091 1099 3178 germani,
1117 3092 1262 3157 multum
1279 3094 1403 3158 abhor-

180 3194 270 3262 rent,
288 3181 336 3248 ita
351 3181 581 3269 profecerunt,
599 3191 638 3248 ut
658 3183 787 3248 alacres
807 3190 968 3268 expetant
989 3191 1023 3249 et
1041 3180 1186 3252 libenter
1202 3179 1401 3270 suscipiant;

179 3271 250 3338 imo
266 3270 418 3357 quotidie
433 3271 503 3338 duo
518 3291 577 3338 eas
597 3269 738 3338 faciunt.
1179 3312 1180 3316 =

741 3494 790 3560 IX
811 3493 841 3581 (c

491 3627 531 3683 P.
556 3626 764 3683 ANNIBAL
794 3625 855 3683 DU
881 3625 1097 3684 COUDREY
1187 3669 1188 3672 ,

587 3755 693 3803 Portu
716 3756 853 3818 Jncoao
870 3756 1002 3804 cornaz

515 3859 663 3943 Billioni,
694 3877 712 3945 5
743 3861 905 3928 Octobris
932 3864 1014 3946 1562
1042 3864 1067 3929 ².

255 3987 447 4078 ...Jeiunia
463 3987 564 4056 etiam
588 3987 622 4053 in
643 3990 709 4054 hoc
724 3987 881 4054 instituta
908 3998 984 4074 post
1010 3988 1196 4056 discessum
1224 3990 1299 4056 RR.
1329 3990 1399 4055 ΡΡ.

180 4077 313 4148 Natalis
327 4089 363 4146 et
379 4077 554 4146 Paschasii
570 4098 612 4143 ex
627 4079 692 4144 hac
707 4078 803 4156 vrbe,
821 4077 980 4163 quoniam
997 4077 1237 4146 dubitabamus
1249 4101 1291 4144 an
1305 4077 1403 4145 facile

179 4178 295 4237 essent
311 4166 482 4236 Lutetiam
498 4166 567 4255 (vbi
585 4176 667 4232 tunc
688 4177 760 4235 erat
781 4165 973 4234 Paternitas
989 4167 1074 4256 Tua)
1095 4166 1169 4234 sine
1188 4167 1404 4234 incommodo

177 4257 479 4346 peruenturi,cum
491 4257 628 4343 quidem
640 4256 738 4324 bellis
750 4258 923 4323 seruerent
933 4256 1059 4338 omnia,
1071 4269 1105 4325 et
1113 4257 1275 4343 pleraque
1284 4255 1320 4322 in
1329 4279 1403 4324 me·

232 4423 242 4455 ¹
278 4419 425 4490 Excerpta
437 4433 475 4472 ex
487 4417 594 4474 litteris
610 4417 872 4489 quadrimestribus
889 4417 1007 4488 collegii
1020 4417 1208 4487 coloniensis,
1221 4417 1252 4472 in
1268 4413 1342 4472 Cod.
1364 4429 1402 4485 29

180 4491 222 4563 ω’
233 4488 523 4691 ξοίἐχῳῃξζῖιξῑξὲξῗ
535 4506 717 4634 pppbgbpapd
732 4502 783 4632 lcii}
796 4489 1104 4634 estolappgnafpxpiple
1127 4577 1224 4638 supra,
1247 4576 1314 4638 pag.
1340 4557 1401 4634 178,

183 4651 282 4694 anno·
317 4674 324 4691 ·
