3544 5390
384 491 437 568 614
851 495 954 553 Errsr.
974 491 1008 552 P.
1028 489 1142 552 Nauna

385 647 443 717 die
458 644 604 736 insignis
620 647 757 735 quidam
774 650 970 717 adolescens
986 669 1064 715 cum
1081 647 1230 735 parentis
1250 667 1419 720 consensu
1439 644 1605 716 admissus

385 747 449 819 cst,
474 738 599 806 nostris
619 739 883 818 coloniensibus,
900 759 1022 825 nempe
1038 740 1172 807 Busaeo
1191 748 1226 805 et
1245 738 1362 820 Fabiu,
1385 739 1473 808 bene
1488 747 1601 820 notus,

379 827 530 929 Jodocus
546 827 639 914 Lips,
658 827 893 909 bruxellensis,
912 849 997 914 puer
1007 828 1123 914 magni
1136 826 1276 914 ingenii.
1291 830 1345 896 De
1357 827 1508 895 bonitate
1518 848 1603 894 con-

385 915 554 984 uictorum
570 919 637 984 hoc
652 917 737 984 sciat
753 920 793 984 R.
813 919 871 998 V.
889 919 955 984 hoc
971 928 1123 1004 tempore
1139 939 1256 986 omnes
1271 915 1408 983 omnino
1424 915 1471 981 ita
1485 937 1524 984 se
1539 937 1603 1003 ge-

385 1026 472 1087 rere,
491 1015 615 1073 utnon
632 1005 758 1091 uerbis,
775 1027 844 1074 non
860 1005 1168 1109 obiurgationibus,
1186 1027 1255 1074 non
1277 1007 1344 1072 ulla
1361 1004 1544 1074 seueritate
1559 1005 1603 1072 sit

384 1116 482 1181 opus:
503 1096 696 1179 frequenter
712 1095 975 1178 communicant,
992 1095 1139 1162 libros
1113 1117 1141 1162 s1
1159 1116 1247 1181 quos
1265 1096 1393 1162 habent
1412 1093 1604 1161 haereticos

386 1183 501 1250 ultro
492 1205 555 1269 rpsr
546 1184 777 1250 comburunt
792 1196 827 1254 et
849 1185 1011 1252 lacerant:
1035 1185 1187 1271 gaudent
1207 1183 1312 1251 libros
1331 1205 1414 1252 suos
1429 1205 1449 1251 a
1464 1205 1604 1269 prame-

385 1272 540 1359 ptoribus
556 1275 599 1340 ab
615 1272 786 1341 erroribus
801 1273 956 1360 purgari,
979 1273 1047 1340 imo
1067 1284 1166 1360 turpe
1185 1284 1275 1342 esset
1295 1283 1330 1340 et
1350 1273 1499 1340 dedecus
1516 1274 1606 1340 uelle

384 1361 560 1431 obsistere.
580 1361 617 1432 Si
633 1363 708 1448 quis
725 1365 813 1431 forte
829 1373 929 1443 esset,
949 1362 1007 1447 'qui
1022 1373 1155 1449 praeter
1166 1374 1330 1442 caeteros
1344 1373 1383 1428 ut
1394 1361 1605 1442 insolentior,

385 1473 405 1517 a
422 1462 641 1536 praeceptore
661 1463 854 1536 notaretur,
876 1452 919 1518 ab
939 1451 1013 1518 eius
1033 1451 1205 1519 consortio
1226 1451 1282 1517 alii
1301 1471 1338 1518 se
1357 1450 1545 1520 abducunt.
1569 1450 1607 1520 Si

386 1539 463 1624 quis
478 1542 581 1608 Pater
596 1541 777 1609 Societatis
792 1543 856 1607 hac
873 1540 1004 1619 transit,
1022 1542 1173 1627 gaudent
1189 1562 1318 1621 omnes
1336 1561 1415 1607 eum
1427 1550 1461 1608 et
1474 1539 1605 1620 uidere,

386 1640 420 1696 et
442 1630 484 1695 ab
506 1651 547 1697 eo
568 1629 715 1714 aliquam
735 1629 1057 1697 admonitiunculam
1083 1629 1211 1698 audire.
1236 1629 1382 1697 Proinde
1406 1628 1464 1713 qui
1485 1628 1606 1695 transit

385 1720 451 1784 hac
476 1718 733 1786 conciunculam
762 1720 872 1787 lacere
899 1719 1033 1805 cogitur
1060 1718 1184 1785 nostris
1204 1717 1466 1786 convictoribus.
1489 1719 1608 1785 Pauca

385 1806 474 1887 dicu,
495 1811 608 1890 Pater;
627 1807 697 1874 scio
714 1818 828 1876 tamen
843 1808 1054 1876 colonienses
1070 1818 1201 1875 uestros
1212 1807 1337 1881 mirari.
1350 1808 1432 1874 dum
1443 1809 1530 1876 haec
1542 1829 1607 1873 au-

385 1895 495 1962 diunt.
514 1896 683 1964 Exercitia
698 1897 902 1964 concionum
923 1908 957 1965 et
976 1896 1159 1965 lectionum
1182 1897 1308 1983 optime
1324 1896 1603 1984 progrediuntur.

387 1986 424 2052 Ιιι
444 2005 574 2052 summa
594 1987 691 2067 aede,
715 2009 734 2054 a
754 1985 864 2054 reditu
879 1989 923 2054 D.
947 1986 1103 2066 Henrici,
1127 2006 1204 2052 cum
1221 1985 1466 2052 existimatione
1487 1995 1522 2052 et
1542 2007 1607 2052 au·

386 2073 546 2140 thoritate
567 2074 709 2143 accessit
729 2075 777 2141 illi
799 2075 964 2161 copiosior
980 2075 1172 2143 auditorum
1193 2097 1370 2156 numerus3
1393 2095 1506 2159 neque
1526 2097 1606 2161 par-

385 2184 452 2229 uus
466 2162 637 2250 colligitur
653 2166 795 2246 fructus
814 2166 1101 2267 quemadmodum
1121 2163 1283 2246 indicant,
1302 2162 1359 2249 qui
1375 2173 1451 2250 post
1467 2163 1608 2230 concio-

386 2273 463 2318 nem
479 2251 590 2340 ipsum
606 2255 650 2322 de
666 2254 768 2322 rebus
784 2253 1011 2322 conscientiae
1026 2275 1109 2322 suae
1125 2253 1248 2339 alloqui
1265 2254 1390 2335 solent3
1411 2251 1468 2318 alii
1483 2255 1609 2321 haere-

385 2363 441 2408 ses
467 2341 654 2428 deponunt,
676 2342 732 2408 alii
759 2341 853 2409 dubii
879 2343 1080 2424 redduntur,
1105 2343 1160 2409 alii
1187 2364 1262 2410 sese
1288 2337 1332 2408 ad
1357 2339 1608 2408 confessionem

386 2441 518 2516 parant.
541 2432 618 2498 Non
640 2430 752 2498 minus
772 2433 862 2534 apud
882 2435 926 2499 D.
949 2433 1107 2500 Vrsulam
1126 2442 1286 2518 operatur
1304 2434 1399 2499 Deus
1419 2430 1609 2498 ministerio

386 2523 426 2586 P.
441 2519 582 2621 Joannis
599 2519 723 2601 Rethii,
742 2519 799 2606 qui
816 2521 931 2606 populi
944 2543 1069 2606 magna
1082 2521 1281 2607 frequentia
1282 2519 1527 2587 catechismum
1540 2519 1610 2587 illic

385 2606 534 2694 exponit.
554 2609 734 2676 Lectiones
749 2609 954 2676 domesticae
970 2631 1033 2676 suo
1050 2631 1142 2678 more
1154 2609 1434 2711 progrediuntur..
1444 2610 1501 2677 Ad
1516 2609 1610 2697 logi-

384 2717 458 2763 cam
475 2699 519 2762 (ιο
534 2699 772 2780 ascenderunt3
791 2701 851 2766 sed
871 2699 972 2764 modo
994 2700 1105 2784 plures
1125 2711 1205 2766 sunt
1226 2700 1270 2766 ob
1285 2720 1356 2780 θοι,
1377 2697 1437 2782 qui
1452 2709 1608 2784 postmo-

383 2787 465 2851 dum
486 2797 719 2869 accesserunt3
742 2787 873 2872 physici
896 2788 1101 2856 recentiores
1121 2798 1201 2854 sunt
1222 2806 1275 2873 37.
1299 2790 1336 2856 ln
1356 2787 1495 2873 reliquis
1514 2789 1610 2854 clas

383 2875 479 2942 sibus
494 2897 640 2961 magnus
655 2876 756 2942 etiam
777 2887 829 2944 est
845 2898 1018 2945 numerus
1039 2877 1141 2963 Ego'
1133 2900 1168 2943 m
1184 2877 1319 2964 publica
1338 2877 1454 2944 schola
1470 2878 1609 2944 theolo-

384 2985 519 3051 gorum,
542 2987 584 3031 cx
605 2965 879 3033 ordinationeR.
903 2968 944 3032 P.
967 2966 1114 3046 Natalis,
1137 2967 1244 3035 doceo
1265 2967 1375 3033 taliter
1396 2963 1546 3050 qualiter
1566 2964 1609 3031 li-

384 3055 484 3120 brum
508 3055 768 3134 sententiarum,
794 3065 1030 3122 controuersas
1053 3017 1154 3122 huius
1175 3055 1346 3141 temporis,
1369 3052 1610 3140 potiusquam

384 3142 616 3226 scholasticas,
634 3143 868 3228 quaestiones,
887 3165 975 3228 quae
991 3143 1026 3210 in
1041 3143 1136 3212 hisce
1151 3143 1344 3211 hominibus
1364 3145 1429 3210 hoc
1448 3152 1611 3230 tempore

385 3232 497 3298 locum
524 3253 593 3298 non
616 3233 793 3312 haberent,
818 3255 1003 3319 exponens
1034 3236 1205 3301 Numerus
1231 3232 1435 3312 auditorum,
1462 3233 1524 3317 qui
1555 3255 1611 3302 me

383 3331 582 3387 constanter
599 3319 741 3387 audiunt
763 3320 860 3388 facile
884 3322 1118 3390 centenarium
1134 3321 1283 3408 attingit.
1302 3323 1374 3390 Ora
1389 3331 1428 3388 ut
1447 3341 1534 3426 pro·
1532 3345 1611 3390 mea

383 3408 527 3476 infantia
547 3409 612 3476 illis
627 3409 843 3486 satislaciam.
866 3410 969 3479 Scitis
990 3413 1031 3478 R.
1036 3427 1115 3465 mum
1138 3421 1291 3479 nostrum
1311 3410 1384 3497 ipso
1399 3408 1454 3476 die
1477 3410 1611 3478 anima·

384 3520 459 3565 rum
481 3499 618 3565 obiisse.
642 3499 754 3580 Alius,
778 3498 835 3584 qui
855 3501 956 3566 modo
980 3501 1111 3569 electus
1137 3513 1202 3584 est,
1224 3502 1373 3569 decanus
1395 3498 1460 3565 suit
1480 3491 1612 3568 sumr'ni

384 3588 512 3674 templi,
531 3588 689 3655 bonus
657 3610 721 3668 vrr,
739 3589 937 3670 catholicus,
956 3600 990 3655 et
1006 3588 1064 3674 qui
1081 3592 1301 3658 uehementer
1315 3591 1380 3656 hoc
1396 3609 1485 3658 onus
1499 3590 1610 3658 etiam

384 3698 463 3743 eum
484 3677 665 3763 lachrymis
681 3678 897 3744 detractavit.
926 3677 963 3748 Si
979 3678 1086 3746 nostri
1102 3674 1238 3782 collegii
1253 3677 1475 3764 patrocinium
1492 3681 1611 3747 susci

383 3777 479 3853 peret
499 3777 534 3834 et
561 3766 741 3836 Societatis
769 3788 806 3834 se
830 3778 1009 3870 patronum
1031 3768 1207 3848 faceret,¹
1199 3791 1232 3834 ιιι
1255 3772 1318 3834 hac
1337 3765 1477 3835 ciuitate
1496 3771 1611 3837 multa

382 3866 509 3940 posset.
526 3858 586 3923 Est
602 3855 692 3923 enim
710 3855 786 3924 talis
798 3857 896 3924 cuius
908 3859 1066 3926 uoluntas
1078 3868 1113 3925 et
1125 3855 1302 3946 imperium
1314 3855 1444 3944 impleri
1456 3857 1608 3928 debet.
1586 3863 1593 3894 ¹

437 4052 446 4084 ¹
483 4053 551 4126 Ms,
564 4053 647 4108 debes
