3604 5380
338 420 390 478 116
765 413 869 472 Errsr.
888 413 923 468 P.
937 411 1142 469 Ninus—216

335 573 496 660 despuis
514 569 543 638 si
560 571 655 638 suere
670 578 853 648 menester,
871 567 989 656 loque
1001 565 1147 652 juzgare
1162 569 1238 634 sera
1254 565 1466 651 probechoso
1481 567 1501 631 i
1516 564 1574 632 los

336 687 502 775 collegios
517 685 541 773 y‘
555 705 719 772 personas
734 681 853 750 dellos.

403 823 433 888 3.
482 803 623 888 Quanto
638 805 659 866 a
673 800 707 866 la
722 817 827 866 causa
842 803 911 866 mla
926 795 1110 884 particular
1129 817 1152 882 y
1172 795 1296 876 officio,
1319 818 1342 880 y
1362 806 1453 862 estar
1468 797 1529 861 aci
1545 800 1570 861 ὁ

336 941 380 988 en
401 927 477 985 otra
496 925 605 1004 parte,
629 936 676 982 no
696 917 741 981 he
759 911 995 982 determinado
1015 911 1109 978 dezir
1135 932 1216 980 cosa
1236 911 1377 998 alguna,
1400 909 1435 976 ni
1455 929 1521 976 aun
1546 915 1569 976 a

335 1035 380 1102 N.
401 1036 458 1115 P.,
475 1035 575 1100 hasta
595 1053 663 1116 que
685 1031 729 1098 V.
748 1031 790 1098 R.
814 1051 879 1116 aya
898 1025 1069 1114 complido
1085 1047 1151 1094 eon
1166 1027 1200 1094 la
1214 1024 1316 1092 visita
1330 1025 1446 1092 destos
1462 1025 1569 1091 colle-

336 1148 426 1236 gios.
446 1149 619 1216 Entonzes
631 1150 710 1232 aqui
726 1150 748 1212 ό
763 1145 877 1211 donde
892 1143 936 1212 N.
961 1145 1001 1210 P.
1028 1164 1083 1209 me
1099 1142 1260 1209 mandare
1275 1141 1348 1208 dire
1362 1139 1399 1208 lo
1421 1157 1491 1225 que
1504 1161 1570 1208 en-

334 1264 462 1333 tiendo.
478 1265 533 1331 No
550 1265 643 1350 huyo
658 1262 692 1327 la
707 1281 801 1341 cruz,
820 1280 888 1344 que
904 1279 948 1326 en
964 1257 997 1324 la
1013 1255 1116 1324 tierra
1131 1263 1152 1323 a
1168 1257 1249 1323 todo
1266 1255 1386 1322 rincdn
1397 1260 1471 1324 esta
1485 1273 1570 1340 rnuy

335 1378 580 1458 ensenoreada;
604 1397 686 1464 pero
705 1375 883 1462 hoigarme
904 1375 961 1442 hla
982 1372 1096 1460 quella
1121 1395 1175 1442 me
1195 1371 1338 1440 echasse
1357 1369 1402 1439 de
1422 1374 1452 1436 si
1472 1371 1573 1438 hasta

336 1493 493 1581 aquellos
508 1501 642 1560 montes
658 1492 700 1558 de
716 1491 831 1560 donde
846 1497 1041 1557 entretanto
1058 1509 1125 1574 que
1137 1487 1341 1555 viuieremos
1353 1485 1454 1554 vieno
1465 1507 1574 1556 nues-

339 1619 394 1675 tra
410 1609 532 1694 ayuda.
549 1607 589 1673 El
604 1626 672 1691 que
684 1625 791 1691 reyna
806 1627 851 1672 en
868 1603 952 1674 ellos
973 1623 1079 1690 reyne
1099 1612 1334 1672 enteramente
1354 1623 1398 1670 en
1414 1611 1574 1671 nuestras

337 1725 455 1792 almas.
475 1725 599 1791 Arnen.
619 1723 701 1788 Esto
716 1721 831 1808 puedo
847 1717 952 1790 deeir:
970 1739 1039 1804 que
1059 1719 1207 1785 multum
1227 1717 1338 1784 incola
1352 1719 1432 1807 suit
1451 1717 1574 1784 anima

337 1859 414 1906 mea
430 1858 506 1904 cum
526 1837 756 1904 habitantibus
771 1835 884 1904 Cadur
902 1833 924 1900 ¹.
943 1835 997 1904 De
1018 1835 1163 1916 Vienna,
1183 1833 1221 1902 18
1236 1835 1280 1900 de
1300 1834 1452 1903 Ottubre
1473 1833 1570 1917 1562.

341 1955 395 2022 De
411 1955 455 2024 V.
471 1955 513 2022 R.
532 1951 645 2020 sieruo
661 1973 705 2020 en
721 1955 805 2042 Jesu
822 1953 909 2034 X.⁰,

1142 2064 1164 2153 †
1187 2066 1382 2134 Vrcrorun.

409 2187 501 2270 Aqul
516 2184 606 2251 dexo
621 2204 687 2251 con
703 2191 777 2251 esta
792 2182 939 2270 algunos
955 2181 1103 2269 papeles.
1123 2181 1167 2248 V.
1187 2181 1229 2250 R.
1252 2181 1305 2247 los
1325 2181 1431 2267 podra
1452 2199 1532 2248 veer
1549 2202 1574 2267 y

339 2406 410 2462 dum
423 2413 454 2462 et
466 2405 656 2464 scribendum
669 2423 737 2463 esee
750 2403 899 2476 idoneum3
915 2423 1041 2479 eumque
1055 2406 1113 2462 sibi
1126 2405 1158 2462 in
1171 2405 1308 2464 omnibus
1321 2423 1388 2462 esse
1398 2421 1575 2480 semperque

339 2495 433 2551 luisse
445 2495 632 2552 contrarium:
646 2513 702 2553 nec
712 2497 793 2552 omni
805 2498 893 2570 culpa
906 2513 1011 2551 vacare
1025 2495 1057 2550 P.
1073 2495 1241 2568 Lanoyum‚
1255 2503 1288 2551 ut
1299 2496 1350 2569 qui
1360 2495 1400 2552 sit
1415 2494 1577 2569 prouintie-

340 2585 377 2642 lis
386 2585 589 2657 compatriota.
603 2585 688 2641 Hanc
701 2587 740 2641 ob
755 2603 875 2641 causam
894 2601 928 2641 se
950 2584 1107 2658 reliquisse
1128 2582 1323 2641 viennensem
1341 2589 1529 2654 rectoratum,
1543 2593 1576 2640 et

341 2690 420 2730 nunc
433 2673 527 2730 modis
539 2673 675 2730 omnibus
692 2673 889 2747 praesentiam
908 2681 939 2729 et
955 2674 1135 2746 colloquium
1152 2673 1337 2746 prouintlalie
1354 2672 1574 2743 subterfugere,

340 2762 419 2834 quod
431 2763 490 2820 sibi
502 2761 574 2819 nihil
588 2763 740 2819 molestius
753 2771 804 2818 aut
816 2763 937 2834 grauirm
950 2763 1072 2818 euenire
1085 2771 1185 2837 queat,
1197 2779 1286 2836 quam
1304 2761 1417 2835 aliquid
1427 2779 1496 2818 cum
1508 2779 1575 2834 pro-

338 2852 462 2908 uintiale
476 2859 612 2907 tractare.
625 2854 713 2908 Dolet
726 2853 845 2908 interim
859 2852 1028 2925 plurimum,
1042 2851 1120 2925 quod
1133 2869 1200 2907 cum
1212 2852 1249 2908 R.
1264 2852 1298 2906 P.
1309 2851 1450 2908 Romanis
1463 2851 1576 2924 aliquo-

339 2942 398 2997 ties
411 2949 441 2997 et
453 2943 532 2998 clare
550 2941 622 2997 satis
640 2942 713 2996 haec
734 2940 951 3014 perscripserit,
974 2941 1032 3014 ipsi
1054 2949 1153 2996 tamen
1172 2939 1372 3011 dissimulent,
1393 2957 1429 2996 ec
1441 2939 1468 2995 ei
1480 2940 1577 2996 nolint

340 3046 403 3084 rem
416 3029 596 3100 intelligere.
614 3029 760 3102 Expectat
770 3037 869 3086 tamen
882 3046 919 3085 ex
933 3032 1006 3086 vrbe
1019 3028 1131 3101 literas,
1144 3030 1253 3102 quibua
1267 3031 1315 3085 uel
1333 3027 1453 3086 omnino
1470 3030 1507 3084 ab
1519 3029 1577 3084 boc

341 3116 486 3172 tractandi
498 3116 591 3172 offitio
603 3117 784 3190 absoluatur,
799 3120 847 3175 uel
860 3127 942 3173 certe
955 3118 1044 3174 liceat
1057 3117 1114 3175 sibi
1126 3136 1180 3191 pro
1189 3117 1311 3174 arbitrio
1320 3133 1376 3174 suo
1384 3115 1579 3190 collegiorum

341 3206 460 3277 negotia
482 3213 618 3262 tractare.
642 3207 769 3264 Causam
791 3209 902 3264 nullam
922 3205 1014 3277 uidet,
1033 3224 1085 3264 cur
1107 3207 1166 3263 sibi
1186 3205 1320 3263 diffidant
1341 3206 1523 3280 superiores,
1547 3205 1578 3260 in

342 3294 516 3350 tractatione
535 3295 735 3366 negotiorum.
764 3296 840 3352 Nam
862 3297 928 3352 siue
950 3296 1145 3369 experientia,
1168 3297 1233 3354 siue
1246 3295 1400 3366 iudicium,
1416 3295 1483 3351 siue
1495 3293 1580 3350 fauor

345 3383 509 3455 hominum,
522 3383 587 3440 siue
599 3385 728 3458 denique
740 3385 868 3441 charitas
879 3403 967 3458 quam
979 3387 1081 3454 habet,
1094 3393 1256 3459 spectetur,
1277 3403 1311 3441 se
1328 3401 1397 3441 eum
1416 3401 1483 3441 esse
1494 3383 1580 3456 dicit,

344 3473 395 3545 qui
411 3473 483 3528 nulli
506 3473 663 3530 Societatis
686 3473 766 3530 Patri
787 3475 883 3531 cedat.
907 3476 991 3532 Haec
1013 3484 1044 3531 et
1065 3479 1223 3550 plaeraque
1245 3476 1313 3548 alia,
1334 3491 1412 3548 quae
1427 3473 1581 3530 lubentius

342 3561 447 3616 omitto
459 3580 546 3634 quam
559 3563 668 3632 scribo,
681 3563 766 3635 dicit,
780 3582 885 3638 meque
899 3564 1062 3636 admonuit,
1076 3574 1109 3620 ut
1121 3565 1148 3622 si
1159 3563 1199 3620 de
1208 3565 1254 3620 his
1266 3564 1300 3621 P.
1314 3565 1352 3619 V.
1365 3563 1536 3631 scriberem,
1548 3561 1581 3618 id

342 3650 430 3705 ualde
444 3651 603 3722 prudenter
624 3651 720 3724 fieret,
743 3671 780 3706 ne
799 3654 833 3710 P.
856 3653 895 3708 V.
924 3654 992 3710 hinc
1014 3654 1276 3710 scandalizaretur.
1302 3653 1446 3727 Equidem
1465 3653 1580 3708 nullum

345 3739 515 3796 scandalum
534 3755 572 3794 ex
594 3747 677 3812 parte
691 3742 836 3798 humanae
859 3743 1038 3800 infirmitatis
1060 3743 1091 3800 in
1112 3745 1152 3800 R.
1177 3743 1215 3798 V.
1240 3743 1331 3800 timeo
1349 3741 1407 3800 Dei
1422 3741 1527 3814 gretia,
1547 3750 1580 3797 et

345 3827 467 3902 proinde
481 3828 574 3884 libere
586 3829 701 3902 scripsi,
715 3849 773 3903 quo
786 3830 901 3887 facilius
915 3833 999 3888 malis
1012 3832 1119 3889 futuris
1130 3841 1310 3890 occurratur.
1325 3832 1401 3888 Nam
1412 3839 1445 3887 vt
1454 3831 1507 3900 eit,
1519 3829 1580 3886 nisi

345 3916 496 3973 timuisset
509 3917 680 3998 Dominum,
703 3920 778 3975 hanc
796 3921 834 3976 ob
856 3938 919 3976 rem
941 3921 1052 3978 iamdiu
1071 3922 1231 3979 maximum
1250 3921 1355 3978 salutis
1367 3939 1402 3978 ac
1415 3921 1581 3978 vocationis

346 4023 417 4064 suae
429 4006 640 4062 detrimentum
657 4025 761 4082 passus
779 4007 896 4064 suisset.
916 4011 1010 4066 Immo
1027 4021 1061 4068 ut
1072 4021 1205 4086 apparet,
1227 4020 1258 4067 et
1277 4012 1342 4084 ipse
1356 4011 1482 4084 quodam
1495 4009 1582 4065 modo

344 4095 465 4160 fatetur,
491 4096 643 4169 utriusque
665 4098 800 4154 sanitatis
823 4099 896 4155 satis
907 4116 1000 4170 graue
1018 4100 1229 4158 detrimentum
1251 4101 1372 4174 patitur,
1396 4117 1464 4156 curn
1477 4101 1531 4155 hac
1543 4099 1584 4154 de

346 4202 435 4240 causa
447 4203 513 4241 raro
527 4188 603 4242 bene
617 4189 714 4243 valeat
727 4203 861 4260 corpore,
874 4205 910 4244 ac
922 4190 1074 4262 perpetuis
1088 4190 1179 4247 animi
1189 4189 1462 4263 perturbationibus
1474 4189 1587 4260 affliga-

349 4281 406 4338 tur,
421 4282 453 4329 vt
467 4275 531 4346 ipse
545 4275 639 4331 ait...»
654 4279 698 4332 Ex
711 4279 896 4350 autographo
909 4278 940 4334 in
957 4279 1023 4335 cod.
1039 4282 1159 4355 «Epist.
1182 4283 1220 4337 B.
1235 4281 1324 4336 Petri
1340 4278 1457 4345 Caeriti,
1474 4277 1517 4346 Ι»,
1532 4291 1586 4348 tot]

348 4361 441 4432 (276).
460 4363 535 4420 Vide
554 4365 643 4421 etiarn
662 4367 803 4438 epistolas
822 4367 953 4434 Polanci,
973 4385 1011 4424 ex
1024 4387 1143 4436 comm,
1166 4369 1204 4426 ad
1217 4371 1250 4426 P.
1273 4368 1435 4425 Victoriam
1451 4366 1536 4424 dates
1549 4381 1587 4436 27

351 4451 412 4524 Jul.
428 4460 459 4507 et
475 4465 507 4522 17
523 4454 601 4525 Aug.
621 4453 700 4527 1563,
713 4456 744 4511 in
757 4455 931 4530 appendice,
946 4476 999 4514 nn.
1016 4459 1087 4515 XIV
1096 4466 1128 4515 et
1140 4460 1238 4515 XVll.

408 4543 416 4576 ¹
455 4541 587 4599 habitavi
605 4561 672 4599 cum
692 4545 894 4602 habitantibus
913 4546 1019 4604 Cednr:
1042 4551 1167 4605 multum
1189 4549 1284 4606 incola
1306 4547 1363 4604 fuit
1384 4547 1481 4604 anima
1502 4563 1584 4603 mea.

350 4627 470 4686 Psneu.
489 4630 596 4706 CXIX,
610 4646 637 4706 5,
656 4633 686 4689 6.
