3604 5380
808 456 873 524 1561
1418 461 1453 517 33

216 604 382 672 clericum
398 607 557 688 Gomem
574 628 676 692 quem
691 606 818 676 scimus
834 611 922 677 bene
937 630 1063 697 cupere
1078 611 1238 694 Araozio,
1265 612 1360 682 illum
1375 616 1453 701 plu-

152 773 157 780 .
217 720 304 788 rimi
326 723 450 804 facere,
473 722 565 791 illius
587 724 688 793 etiam
709 725 884 811 beneficijs
902 737 938 793 et
960 726 1133 813 obsequijs
1152 748 1229 794 esse
1248 728 1450 816 obligatum3

219 837 423 924 suscepisse
449 842 538 906 hanc
558 860 696 908 causam
722 849 841 907 contra
857 861 911 907 me
931 852 966 908 et
992 841 1198 910 Societatem
1214 864 1277 930 pro
1291 843 1451 928 Araozio,

218 955 324 1038 quod
337 954 513 1022 videretur
527 975 603 1022 mea
617 954 769 1024 visitatio
789 955 890 1024 vnioe
905 968 1024 1024 contra
1039 959 1132 1024 hunc
1150 960 1288 1028 Patrem
1308 981 1385 1028 esse
1400 959 1454 1026 in·

220 1069 363 1137 stituta.
387 1071 467 1155 Qua
486 1093 529 1140 ex
549 1093 586 1139 re
605 1070 611 1160 Ι
630 1072 738 1137 multa
757 1074 1055 1158 consequebantur
1076 1074 1104 1140 ¹:
1126 1072 1286 1160 primum,
1308 1073 1453 1161 gratiam

218 1187 320 1272 apud
336 1205 454 1273 regem
474 1197 510 1255 et
528 1185 768 1274 hispalensem,
789 1197 827 1253 vt
847 1189 1012 1272 probabat
1032 1187 1232 1256 charitatem
1252 1211 1350 1256 suam
1370 1211 1452 1277 erga

217 1300 327 1388 regni
339 1301 611 1384 commoditates,
630 1302 814 1370 Araozium
830 1304 1068 1372 demerebatur
1084 1303 1110 1386 ¹,
1128 1314 1194 1371 etc.

293 1401 396 1484 Hanc
422 1414 616 1504 opinionem
643 1415 725 1484 mihi
752 1418 968 1486 confirmauit
982 1419 1029 1502 id,
1047 1415 1161 1511 [quod]
1176 1419 1349 1506 Compluti
1376 1439 1451 1488 sum

216 1533 382 1600 dicturus
395 1533 441 1602 de
456 1532 562 1600 literis
576 1533 774 1620 interceptis
789 1533 914 1603 eteius
930 1535 1020 1620 apud
1036 1557 1092 1603 me
1106 1535 1272 1603 oratione.

294 1651 410 1736 Pergo
435 1659 529 1718 recta
556 1649 788 1736 Complutum.
819 1651 869 1716 Ex
891 1649 1014 1718 itinere
1036 1651 1149 1717 saluto
1184 1649 1343 1718 comitem
1373 1669 1452 1716 oro-

217 1785 392 1851 pesanum
418 1775 453 1831 et
480 1764 701 1832 marchissam
728 1766 971 1832 machedanam
999 1775 1034 1832 et
1066 1765 1203 1833 fratrem
1235 1765 1305 1832 don
1337 1766 1452 1832 ‘I'heo-

220 1879 372 1947 tonium.
392 1879 492 1948 Mitto
511 1879 692 1948 Ximenem
709 1882 752 1947 ad
771 1881 946 1949 doctorem
968 1883 1169 1968 Vergaram,
1192 1901 1318 1968 rogans
1337 1891 1375 1947 vt
1390 1903 1451 1949 ve-

220 1997 316 2063 niret
331 1997 414 2064 ton
433 1997 652 2083 Complutum
675 2006 714 2061 vt
726 1998 769 2065 de
785 1996 826 2063 iis
846 1999 949 2064 rebus
964 2017 1027 2064 nos
1046 1995 1187 2064 consilio
1208 1995 1354 2064 iuuaret.
1373 1997 1451 2064 Non

219 2112 351 2200 potuit,
378 2113 472 2198 quod
503 2123 639 2200 gereret
669 2111 763 2181 vices
796 2111 1034 2198 inquisitorum
1067 2111 1270 2180 absentium.
1292 2109 1447 2198 Scripsit.

220 2227 371 2296 Miratus
385 2238 440 2296 est
454 2230 686 2309 vehementer;
704 2238 740 2297 et
760 2237 874 2296 tamen
890 2251 927 2296 se
943 2228 1028 2296 dixit
1039 2229 1106 2296 iarn
1119 2239 1199 2296 ante
1214 2231 1281 2295 hoc
1298 2226 1452 2295 timuisse

218 2365 267 2411 ne
282 2344 441 2413 eueniret
456 2346 481 2411 ⁵.

292 2527 378 2594 166
709 2546 905 2606 connium,
921 2529 969 2609 3.⁰

292 2696 382 2766 Veni
397 2695 621 2783 Complutum
637 2716 716 2762 cum
733 2695 840 2763 Tello.
859 2691 1012 2762 Intellexi
1029 2715 1099 2762 rem
1117 2703 1222 2760 totam
1242 2693 1286 2758 ab
1303 2689 1450 2758 Araozio

220 2825 259 2882 et
276 2815 317 2880 P.
338 2811 505 2894 Antonio,
522 2811 608 2878 etin
622 2811 676 2878 his
691 2831 768 2877 sum
789 2809 1021 2890 confirmatus
1048 2829 1136 2894 quae
1151 2817 1252 2876 antea
1262 2805 1448 2893 cogitaue-

220 2951 310 2997 ram.
329 2926 459 2997 Addidi
473 2929 578 3012 quod,
592 2947 699 3012 quum
711 2947 781 2993 non
792 2926 965 2994 crederem
979 2924 1163 2992 Araozium
1175 2945 1245 2990 non
1257 2920 1363 2991 fuisse
1374 2921 1444 2989 illa-

218 3067 300 3112 rum
318 3045 495 3110 turbarum
512 3053 700 3123 auctorem,
718 3042 765 3109 ita
781 3040 816 3108 in
832 3041 906 3127 ipso
921 3041 1029 3108 multa
1043 3061 1113 3108 non
1129 3039 1325 3126 probabam.

290 3163 360 3228 lam
386 3157 534 3246 primum
561 3166 740 3245 propterea
762 3157 942 3224 audiebam
969 3157 1012 3222 ab
1046 3153 1194 3223 Araozio
1221 3153 1448 3239 hispalensem

215 3287 343 3366 putare
357 3297 414 3343 me
428 3274 613 3360 impulsore
627 3271 835 3342 discessisse.
859 3272 864 3360 l
885 3275 1090 3340 Accuratam
1107 3269 1227 3356 scripsi
1250 3290 1291 3336 ea
1317 3268 1362 3337 de
1387 3265 1451 3359 [re]

217 3391 430 3480 apologiam,
448 3399 484 3458 et
499 3388 638 3456 omnino
653 3389 802 3473 volujsse
823 3390 866 3454 ad
922 3409 980 3452 um
1005 3385 1110 3466 adire,
1128 3395 1163 3452 et
1179 3406 1248 3451 non
1271 3385 1383 3450 solum
1408 3402 1449 3449 ea

216 3529 406 3594 exponere,
424 3495 513 3591 q'uae
536 3505 749 3590 scripseram,
771 3505 832 3572 sed
848 3503 1060 3570 confidenter
1078 3500 1263 3570 defendere
1279 3499 1444 3566 innocen-

219 3625 305 3692 tiam
333 3625 375 3690 P.
401 3619 588 3703 Francisci;
602 3631 638 3689 et
721 3622 743 3685 d
767 3641 860 3686 eram
883 3617 1073 3686 additums:
1103 3615 1230 3701 siquid
1253 3623 1356 3694 esset,
1382 3633 1445 3681 cur

217 3739 314 3806 illius
339 3737 586 3826 profectionem
613 3757 683 3803 non
708 3734 969 3821 interpellasset,
989 3753 1095 3819 quum
1122 3729 1290 3819 potuisset
1318 3749 1358 3796 ac
1385 3729 1446 3796 de—

219 3855 371 3923 buisses
1197 3825 1204 3840 ‘

289 3972 457 4039 Volebam
477 3980 653 4057 praeterea
667 3990 784 4056 regem
800 3967 906 4048 adire,
924 3977 961 4033 vt
975 3985 1173 4033 excusarem
1189 3962 1396 4032 Societatem
1412 3969 1447 4025 et

215 4109 287 4156 me.
305 4089 477 4156 Neutrum
493 4085 740 4153 consuluerunt
757 4085 888 4162 Patres
906 4081 1150 4149 dissuadebant
1164 4078 1246 4146 tor
1267 4073 1367 4144 etiam
1384 4093 1445 4141 ve·
1527 4169 1528 4174 ἵ

214 4208 397 4272 hementer
414 4199 597 4281 Araozius,
621 4202 724 4267 Pater
743 4197 826 4266 item
846 4195 1031 4263 Antonius.
1049 4196 1248 4262 Nocturnus
1263 4200 1388 4272 metus,
1410 4199 1445 4257 et

212 4317 445 4398 confirmatio,
462 4327 529 4385 etc.
552 4313 656 4382 Volui
675 4313 826 4395 visitare,
848 4313 908 4380 sed
932 4333 975 4380 ex
991 4309 1187 4380 eorumdem
1207 4303 1348 4373 consilio
1368 4303 1447 4372 misi

273 4510 281 4542 ¹
320 4503 649 4576 tts.,comequeoatur.

270 4599 283 4630 ¹
321 4588 768 4664 Saccrurtus,loc.eit.,n.37.

272 4687 285 4719 ⁵
322 4685 387 4739 Fol.
403 4683 453 4753 165
466 4699 496 4738 v.
510 4679 761 4755 purumrelictum
774 4686 831 4734 est.
