3526 5380
607 505 642 564 29
661 495 845 549 Dacauanrs
866 497 934 563 1562
1333 495 1385 569 193

151 636 190 704 di
209 640 254 706 V.
273 639 314 704 R.
333 638 422 707 delle
436 659 516 706 cose
532 636 567 702 di
582 636 778 728 Germania.
797 639 833 703 lo
849 640 1032 723 procurari>
1055 659 1121 705 con
1142 639 1174 707 la
1198 637 1310 726 gratia
1329 641 1385 708 del

152 752 284 840 Signor
299 752 457 820 imitarlo.
477 754 520 819 Et
535 763 663 839 quanto
683 753 716 818 al
734 763 825 819 stato
845 752 900 819 del
920 753 1129 838 prouinciale
1144 766 1180 822 et
1199 755 1287 822 delle
1302 777 1385 825 cose

150 869 247 936 della
262 889 325 934 sua
340 863 529 954 prouincia,
548 867 605 956 gia
621 871 747 935 hauera
760 868 849 935 uisto
861 891 921 955 per
933 870 965 937 le
976 869 1096 937 lettere
1107 869 1142 935 di
1155 871 1200 937 N.
1217 873 1256 938 P.
1270 871 1384 956 quello

151 987 223 1053 che
238 1006 301 1051 sua
318 981 494 1052 Paternita
509 985 554 1050 ha
568 982 735 1064 ordinato,
755 984 947 1051 mandando
959 982 983 1049 il
1000 986 1040 1050 Ρ.
1060 983 1237 1056 Vittoriaa
1251 985 1384 1054 Vienna

152 1121 216 1185 per
232 1109 355 1184 questo
371 1097 497 1164 interin
512 1101 577 1166 che
592 1097 625 1166 io
641 1100 741 1178 uado,
760 1109 795 1164 et
806 1098 995 1166 ordinando
1007 1102 1072 1168 che
1084 1099 1119 1165 in
1132 1112 1253 1184 questo
1264 1121 1383 1168 mezzo
1416 1155 1421 1176 ,

150 1214 261 1300 quelli
286 1235 305 1298 3
322 1214 457 1301 collegij
479 1212 508 1280 si
528 1213 719 1300 gouernino
734 1213 927 1284 immediate
943 1235 1003 1300 per
1014 1225 1132 1281 nostro
1149 1217 1260 1284 Padre
1275 1237 1383 1302 gene-

151 1330 226 1396 rale
242 1333 266 1396 ¹.
285 1332 425 1414 Quanto
442 1329 473 1395 al
490 1339 592 1408 resto,
611 1328 646 1396 in
662 1339 784 1414 questa
800 1329 940 1397 materia
956 1329 990 1395 io
1001 1329 1128 1397 andard
1144 1351 1212 1397 con
1226 1331 1257 1397 la
1274 1330 1384 1416 gratia

149 1445 187 1510 di
204 1447 251 1512 N.
272 1445 309 1513 S.
329 1457 443 1530 presto
458 1445 502 1526 la,
520 1455 555 1511 et
575 1443 606 1511 ci
628 1443 809 1511 inclinamo
829 1443 888 1530 gia
903 1443 982 1510 tutti
997 1446 1062 1512 che
1085 1465 1200 1532 uenga
1215 1444 1239 1510 il
1255 1447 1295 1511 Ρ.
1315 1447 1382 1513 La-

151 1582 222 1646 noy
238 1582 306 1628 con
322 1579 432 1640 meod,
446 1568 480 1627 et
496 1559 532 1626 in
548 1568 643 1626 tanto
655 1579 812 1626 cercamo
823 1560 946 1626 alcuno
958 1561 1022 1626 che
1034 1581 1135 1646 possa
1146 1581 1260 1630 essere
1272 1559 1307 1625 in
1319 1581 1383 1628 suo

152 1675 239 1762 logo
258 1675 298 1741 in
317 1673 537 1762 lngolstadio.
562 1676 605 1742 V.
629 1676 670 1741 R.
688 1674 800 1740 scriua
816 1673 871 1740 chi
891 1673 915 1738 li
931 1697 1011 1761 pare
1027 1678 1123 1760 potra
1139 1697 1252 1744 essere
1268 1673 1303 1740 in
1319 1695 1384 1741 suo

154 1791 302 1876 luog0¹.

224 1926 258 1990 3.
309 1908 490 1992 Quantoa
516 1905 549 1971 la
565 1927 643 1973 casa
670 1906 714 1972 de
742 1906 915 1992 Augusta,
934 1906 976 1972 V.
1008 1908 1048 1971 R.
1083 1905 1196 1974 scriua
1215 1928 1253 1974 se
1280 1909 1325 1973 ha
1340 1907 1383 1974 de

154 2021 306 2108 bisogno
322 2022 356 2087 d'
371 2022 483 2088 alcuni
495 2021 570 2087 altri
584 2020 642 2106 piri
654 2019 688 2086 di
700 2020 803 2105 quelli
818 2022 883 2088 che
899 2022 954 2100 ha,
973 2031 1008 2088 et
1023 2020 1046 2086 il
1061 2022 1169 2087 Padre
1180 2021 1381 2107 prouedera,

151 2160 174 2202 ο
189 2139 236 2204 V.
258 2138 299 2203 R.
318 2135 502 2204 medesima
517 2134 723 2203 s'accomodi
739 2134 773 2200 di
789 2137 903 2221 quello
918 2137 982 2201 che
997 2139 1073 2203 sara
1089 2135 1246 2222 bisogn0.

220 2273 257 2334 4.
307 2253 432 2337 Quello
447 2253 511 2318 che
527 2252 602 2318 dice
623 2252 687 2317 che
703 2250 732 2317 si
747 2253 792 2318 ha
808 2250 843 2316 di
858 2245 1046 2336 prouedere
1066 2250 1146 2317 delli
1163 2248 1285 2318 fratelli
1305 2249 1385 2316 delli

149 2367 292 2454 collegij
320 2365 566 2454 d'lngolstadio
593 2379 627 2434 et
650 2366 693 2434 de
721 2365 929 2452 Oeniponto,
958 2366 993 2433 io
1020 2367 1045 2431 l'
1063 2369 1109 2434 ho
1132 2365 1286 2432 ordinato
1313 2364 1382 2452 gia.

152 2482 245 2549 Delli
263 2481 339 2548 altri
354 2482 387 2547 d’
406 2481 613 2568 lngolstadio
629 2481 741 2548 seriua
756 2481 1055 2566 particularmente
1070 2481 1149 2566 quel
1166 2483 1229 2546 che
1252 2480 1385 2548 deside·

153 2621 201 2678 ra,
222 2607 261 2666 et
276 2598 305 2664 si
316 2597 514 2684 provedera;
532 2599 657 2683 perche
673 2597 716 2663 V.
748 2600 788 2664 P.
807 2599 852 2663 ha
871 2595 929 2683 gia
946 2597 1090 2682 risposto
1107 2596 1138 2662 al
1156 2598 1196 2663 P.
1217 2597 1334 2680 Lanoy
1350 2594 1385 2660 di

154 2725 249 2780 tutto
265 2714 425 2799 quelche
441 2713 464 2780 li
480 2713 648 2780 scriueua.
733 2717 736 2723 '

223 2845 259 2913 5.
308 2831 358 2896 La
372 2827 522 2895 diuision
549 2828 592 2896 de
613 2830 645 2895 la
664 2824 839 2914 prouincia
855 2849 924 2895 non
945 2827 973 2894 si
993 2829 1065 2893 fara
1081 2850 1119 2894 se
1138 2848 1207 2892 non
1227 2825 1385 2892 andando

155 2943 188 3011 io
204 2967 225 3012 a
243 2944 389 3012 Vienna:
405 2944 440 3009 in
455 2955 550 3010 tanto
566 2943 595 3009 si
611 2947 802 3030 gouernara
819 2940 841 3007 il
858 2951 948 3008 tutto
964 2963 1061 3009 come
1076 2944 1121 3007 ho
1133 2942 1239 3007 dett0.

222 3061 259 3126 6.
307 3060 400 3126 Dell'
418 3062 525 3126 hauer
547 3059 672 3125 facolta
694 3057 784 3124 circa
800 3060 832 3124 la
855 3057 999 3124 iuridica
1026 3055 1239 3123 absolutionc
1262 3066 1297 3122 et
1313 3052 1386 3119 dis-

155 3175 359 3262 pensatione
374 3175 663 3262 irregularitatis,
683 3195 720 3240 sc
736 3175 779 3239 ha
798 3171 903 3239 serito
919 3171 977 3259 gia
994 3195 1014 3238 a
1030 3175 1150 3252 Roma,
1169 3181 1204 3239 et
1221 3171 1276 3237 nel
1297 3169 1386 3236 intc-

155 3291 218 3358 rim
236 3290 295 3378 gia
312 3290 403 3358 tiene
420 3292 463 3357 V.
483 3292 523 3357 R.
542 3288 732 3356 resolucion
749 3288 839 3354 circa
855 3289 879 3352 l’
896 3287 1111 3354 absolutione
1125 3289 1149 3351 ³.

160 3493 377 3505 κιο-.-

209 3629 218 3663 ¹
262 3629 337 3684 Vide
350 3627 504 3701 epistolam
517 3627 637 3683 Polanci
646 3627 682 3682 ad
695 3627 845 3684 Canisium
861 3627 892 3680 18
906 3626 1080 3681 Decembris
1097 3625 1164 3693 1562
1182 3625 1293 3696 datam,
1307 3623 1386 3697 apud

157 3701 431 3788 Bmuusaanuem
445 3719 501 3772 loc.
514 3717 584 3786 cit.,
598 3719 652 3786 111,
666 3717 730 3789 568,
745 3717 808 3786 569.

211 3813 222 3844 ¹
264 3806 348 3862 Prius
359 3823 466 3862 uoncx
476 3807 654 3878 lngolstadio
665 3805 833 3862 educendus
844 3805 1000 3860 videbatur
1007 3803 1134 3859 Lanoius
1145 3803 1226 3870 (vide
1234 3802 1389 3874 epistolam

155 3895 233 3966 23;);
250 3905 352 3968 postea
366 3913 436 3951 vero
448 3895 485 3950 de
498 3895 562 3968 ipso
574 3896 746 3968 provinciali
758 3895 883 3950 creandu
896 3895 1057 3964 cogitatum
1078 3901 1134 3960 est,
1145 3909 1203 3964 qua
1221 3891 1259 3946 de
1273 3909 1305 3946 re
1315 3893 1388 3946 haec

158 3987 313 4041 scribebat
322 3986 465 4040 Polancus
477 3985 557 4040 Patri
570 3984 722 4052 Madridi0,
736 3983 765 4038 31
783 3984 957 4038 Decembris
973 3982 1050 4054 1562:
1066 3979 1270 4036 uHaziendose
1280 3987 1388 4034 cuenta

158 4075 196 4131 de
208 4073 319 4130 diuidir
331 4075 359 4128 la
371 4073 522 4145 prouincia
534 4073 572 4128 de
589 4076 617 4129 la
634 4073 766 4145 superior
783 4073 942 4130 Germania
959 4090 996 4126 en
1013 4071 1069 4126 dos
1087 4077 1197 4143 partes,
1210 4087 1230 4141 y
1243 4069 1280 4124 de
1300 4069 1389 4123 hazer

160 4162 322 4236 prouincial
336 4162 374 4218 de
388 4181 444 4218 una
456 4163 549 4219 dellas
562 4164 588 4218 al
601 4163 703 4218 doctor
716 4163 828 4234 Lanoy,
842 4165 918 4216 serla
937 4169 1085 4216 menester
1104 4178 1143 4214 un
1161 4168 1258 4214 rector
1271 4173 1340 4229 para
1360 4156 1388 4211 el

158 4253 288 4324 collegio
300 4252 338 4307 de
351 4251 544 4323 Ingolstadio.
563 4253 599 4307 V.
614 4254 650 4307 R.
665 4251 738 4306 mire
747 4252 773 4306 si
786 4269 823 4306 en
834 4252 936 4318 Roma,
947 4253 965 4304 ό
976 4267 1012 4304 en
1026 4249 1110 4304 ltalia
1121 4250 1191 4303 sabe
1202 4249 1309 4316 alguno
1319 4251 1390 4317 apto

161 4359 230 4414 para
244 4345 283 4399 tal
297 4349 414 4412 asunt0‚
428 4358 495 4396 aora
507 4359 558 4398 sea
572 4341 724 4410 thudesco‚
738 4359 806 4396 aora
822 4341 976 4408 flamenco,
995 4355 1062 4393 acra
1079 4338 1210 4404 italiano;
1229 4351 1338 4408 porque
1352 4332 1390 4388 de

158 4431 234 4486 cada
247 4448 305 4486 una
318 4430 417 4486 destas
434 4431 568 4486 nationes
586 4430 779 4486 entendemos
797 4431 913 4484 bastard
931 4445 988 4500 que
1007 4444 1069 4481 sea.
1088 4427 1134 4480 De
1153 4427 1180 4479 lo
1198 4441 1257 4497 que
1270 4440 1323 4495 por
1334 4422 1391 4478 alla

162 4523 245 4575 uiese
259 4520 296 4575 V.
309 4521 346 4575 R.
360 4519 449 4591 podrt
460 4519 513 4574 dar
525 4519 621 4574 auiso.
643 4521 677 4574 El
696 4519 730 4573 P.
750 4519 874 4573 Vsmaro
894 4534 926 4572 se
943 4516 1032 4588 juzga
1045 4517 1121 4570 seria
1139 4516 1166 4568 al
1186 4512 1346 4585 propdsito,
1364 4509 1392 4590 si

159 4611 218 4664 alld
231 4626 269 4664 no
281 4609 393 4665 hiziese
407 4609 511 4664 mucha
522 4607 627 4663 salta.»
642 4609 685 4663 Ex
699 4608 858 4680 archetypo
871 4607 902 4661 in
917 4605 989 4660 Cod.
1005 4605 1098 4668 PLB,
1113 4617 1148 4674 92
1160 4601 1228 4671 (38).

217 4697 229 4730 ⁵
265 4697 341 4754 Vide
355 4698 493 4771 epistolas
506 4696 569 4771 231,
583 4717 612 4753 n.
628 4696 655 4766 33
670 4705 700 4753 et
714 4695 778 4766 235,
791 4715 821 4754 n.
835 4695 862 4750 8.
