3666 5384
327 435 333 441 ·
380 440 398 495 4
803 425 837 481 Ρ.
858 425 998 480 Narnms
1015 424 1179 480 Ennsurn.

380 579 502 647 missus
517 579 606 646 inter
621 599 820 648 sarracenos
842 578 850 614 ¹
873 581 1016 646 Ioannes
1037 577 1185 658 Nuoius,
1204 578 1248 645 ad
1263 577 1433 646 iuuandos
1449 577 1603 664 captiuos

380 692 594 775 christianos,
619 714 783 780 magnum
804 695 908 762 habet
931 694 1093 760 fructum.
1123 693 1219 762 Missi
1247 691 1354 760 nostri
1380 693 1541 782 Congum
1568 692 1604 759 in

380 809 544 878 Africam.
564 809 659 878 Missi
675 809 864 876 Brasiliam.

933 995 1041 1067 [15140

446 1156 572 1226 Missus
588 1168 641 1227 est
657 1160 704 1225 M.
723 1156 887 1226 Nicolaus
903 1158 1054 1226 Lanoius
1072 1162 1278 1226 Panormum
1299 1181 1377 1227 cum
1395 1158 1524 1244 aliquot
1539 1180 1606 1227 no-

379 1271 460 1339 stris
475 1273 519 1339 ad
534 1272 717 1360 collegium
738 1269 986 1362 fun[dandum].
1009 1273 1015 1362 Ι
1035 1276 1257 1361 Aperuerunt
1271 1275 1407 1342 scholas
1423 1273 1605 1342 humanio-

382 1409 458 1455 rum
476 1387 665 1457 litterarum
687 1409 726 1456 ac
746 1388 996 1476 grammatices.
1020 1393 1199 1458 Messanae
1224 1400 1434 1457 transactum
1455 1399 1507 1458 est
1525 1411 1604 1456 cum

381 1502 522 1570 ciuitate
533 1514 571 1569 vt
586 1515 704 1572 nostro
720 1505 866 1592 collegio
881 1505 1150 1593 coniungeretur
1162 1504 1366 1575 vniuersitas
1377 1504 1480 1590 studij
1497 1527 1605 1592 gene·

382 1617 462 1685 ralis
477 1618 661 1705 apostolica
673 1619 886 1704 auctoritate,
900 1623 992 1707 quod
1004 1621 1173 1689 concessit
1186 1621 1316 1689 Paulus
1332 1637 1416 1705 με,
1430 1619 1532 1687 bullis
1543 1621 1604 1687 da-

384 1732 438 1799 tis.
459 1733 571 1801 Prima
587 1735 708 1802 domus
723 1735 935 1822 probationis
952 1739 1141 1805 Messanae.
1160 1734 1256 1804 Missi
1277 1735 1384 1803 nostri
1403 1735 1439 1802 in
1459 1735 1605 1802 insulam

383 1848 581 1917 Ormuziam
593 1849 629 1915 in
645 1849 721 1917 sinu
737 1849 873 1918 Persico
886 1851 995 1918 sitam.
1014 1855 1052 1918 P.
1072 1851 1245 1920 Antonius
1261 1851 1454 1919 Criminalis
1466 1872 1526 1937 pro
1538 1850 1606 1918 tide

384 1962 586 2032 interficitur
601 1967 644 2033 ab
664 1965 857 2034 infidelibus
877 1966 913 2033 in
929 1967 1035 2034 India.
1065 1967 1235 2036 Omnibus
1255 1966 1309 2035 his
1328 1978 1363 2034 et
1383 1964 1607 2054 sequentibus

303 2151 305 2156 ,
383 2078 483 2146 annis
502 2079 538 2146 in
560 2081 655 2148 India
680 2103 827 2169 magnus
846 2083 886 2149 fit
913 2083 1054 2150 fructus
1086 2082 1194 2170 Signa
1220 2083 1322 2151 etiam
1343 2103 1403 2169 per
1429 2079 1604 2161 sanitates,

384 2193 571 2262 destructio
583 2195 762 2263 idolorum.
777 2197 1004 2284 Accipiuntur
1015 2199 1059 2264 ad
1070 2197 1274 2267 Societatem
1287 2197 1398 2282 multi,
1413 2206 1447 2266 et
1458 2196 1607 2263 fundan-

386 2317 442 2376 tur
452 2309 609 2396 collegia,
623 2322 711 2380 etex
724 2312 870 2399 collegio
882 2312 1141 2380 conimbricensi
1150 2312 1295 2399 singulis
1305 2312 1403 2380 annis
1411 2311 1605 2380 mittuntur.

386 2423 442 2490 w
460 2427 499 2490 Ρ.
517 2425 654 2510 Laynez
669 2426 793 2494 missus
808 2438 861 2494 est
877 2428 913 2494 in
927 2427 1077 2497 Siciliam
1093 2449 1114 2493 a
1129 2426 1292 2494 cardinali
1305 2427 1479 2496 Farnesio.
1499 2424 1609 2496 Simul

387 2536 452 2604 tuit
465 2538 595 2625 primus
609 2541 827 2627 prouincialis
841 2543 1054 2629 praepositus
1066 2543 1102 2609 in
1114 2543 1240 2613 Sicilia.
1256 2541 1449 2630 Collegium
1461 2541 1609 2629 tybtlrti-

388 2675 469 2721 num
486 2655 693 2725 inchoatum.
713 2657 838 2726 Missus
854 2669 907 2727 est
926 2660 1071 2727 Romam
1092 2683 1112 2728 e
1131 2657 1247 2729 Sicilia
1271 2661 1310 2725 P.
1335 2657 1502 2726 Canisius.
1527 2657 1609 2723 Inde

389 2771 577 2839 Bononiam
590 2773 633 2839 ad
644 2773 837 2840 concilium.
854 2777 978 2842 Postea
989 2774 1025 2841 in
1036 2773 1267 2843 Germaniam.
1288 2771 1462 2840 Bononiae
1475 2770 1608 2840 habita-

388 2894 465 2951 rant
476 2887 612 2971 quidem
624 2889 742 2970 nostri,
757 2890 818 2958 sed
829 2892 895 2956 hoc
905 2911 995 2956 anno
1007 2892 1127 2957 domus
1140 2899 1192 2958 est
1207 2889 1333 2956 donata
1345 2887 1521 2978 Societatj.
1538 2887 1604 2954 Lu-

389 2998 492 3069 tetiae
507 3001 588 3068 item
604 3003 711 3070 nostri
721 3002 788 3071 iam
800 3004 880 3071 inde
891 3015 972 3074 ante
982 3003 1273 3072 confirmationem
1284 3002 1477 3071 habitarant
1488 3000 1607 3070 nostri.

390 3115 467 3182 Hoc
482 3117 538 3184 vel
552 3117 718 3204 superiori
739 3141 830 3186 anno
846 3121 1042 3187 inchoatum
1062 3131 1116 3187 est
1136 3119 1318 3207 collegium
1334 3140 1394 3204 per
1413 3118 1609 3205 episcopum
1627 3122 1633 3137 '

389 3230 692 3316 claromontanum,
710 3235 790 3301 data
803 3236 938 3317 domus,
953 3245 1017 3304 etc.
1033 3236 1234 3304 Inchoatum
1250 3232 1433 3322 collegium
1449 3242 1611 3302 venetum

390 3367 451 3431 per
466 3347 666 3434 magistrum
682 3351 709 3416 F
711 3350 853 3417 rusiurn.

948 3539 1055 3610 [15]5o

457 3696 702 3764 Conuocantur
716 3721 737 3764 a
753 3701 855 3766 Patre
869 3699 1003 3785 ignatio
1018 3699 1173 3786 professi,
1192 3698 1251 3784 qui
1267 3699 1443 3766 commode
1455 3709 1612 3785 poterant

393 3809 520 3890 venire,
542 3809 548 3898 Ι
568 3811 671 3899 aliqui
682 3824 857 3899 praeterea
870 3817 1000 3895 Patres,
1013 3813 1110 3899 quasi
1119 3813 1155 3880 in
1166 3815 1359 3901 generalem
1370 3813 1612 3901 congregatio-

392 3946 483 4008 nem,
501 3935 539 3992 vt
554 3929 748 3996 ostenderet
763 3929 1035 4010 constitutiones,
1054 3951 1094 3998 ac
1109 3940 1271 3998 notarent
1286 3929 1315 3996 si
1332 3928 1414 4016 quid
1424 3928 1610 3998 videretur.

393 4041 470 4108 Hoc
491 4042 652 4110 fecerunt.
676 4043 790 4112 Cessit
818 4046 857 4111 P.
885 4044 1038 4130 ignatius
1064 4044 1176 4112 officio
1202 4067 1278 4126 suo,
1307 4043 1395 4112 datis
1425 4043 1532 4112 literis
1551 4064 1615 4112 sua

394 4177 496 4223 manu
507 4156 642 4244 scriptis
653 4160 697 4224 ad
710 4161 829 4228 Patres
842 4171 1050 4246 praesentes.
1064 4161 1334 4230 intercesserunt
1342 4159 1615 4227 constantissime

394 4291 524 4354 omnes,
546 4284 681 4360 praeter
698 4278 833 4343 Patrem
854 4276 1029 4344 Andream
1050 4274 1295 4357 Ouediensem,
1313 4274 1372 4359 qui
1388 4295 1513 4361 magna
1533 4273 1616 4340 sim-

395 4386 544 4472 plicitate
559 4389 662 4457 animi
677 4390 763 4458 dixit
778 4390 843 4457 sibi
863 4389 970 4457 videri
990 4401 1107 4478 aptum
1122 4411 1191 4458 non
1207 4411 1282 4459 esse
1298 4391 1342 4456 ad
1361 4410 1487 4456 munus
1507 4411 1617 4477 gene—

448 4637 459 4672 ¹
496 4641 563 4710 Ms,
576 4644 685 4698 missus
697 4645 778 4698 inter
790 4661 967 4700 sarracenos
980 4645 1097 4698 missus.
