3666 5384
336 481 340 487 ·
414 484 432 527 a
839 467 873 522 P.
887 466 1028 521 Narmrs
1046 465 1211 520 Eranusa.

414 623 665 691 conuertendas
680 619 887 690 meretrices.
906 617 1001 687 Missi
1017 617 1218 686 Tridentum
1230 615 1357 684 Lainez
1368 626 1403 682 et
1414 615 1589 684 Salmeron
1601 625 1641 682 et

415 736 592 806 Claudius.
611 739 813 804 Aduocatus
828 738 970 802 Romam
986 735 1097 802 Faber
1115 742 1154 799 vt
1174 731 1376 800 Tridentum
1394 730 1471 812 iret,
1493 729 1638 797 moritur

414 853 522 940 prima
537 851 701 938 Augusti.
720 849 890 919 Exercitia
907 853 947 918 P.
965 852 993 917 F
996 848 1137 916 rancisci
1153 859 1188 914 et
1202 857 1283 916 vota
1299 865 1352 916 aa
1366 847 1457 937 Junij
1471 845 1505 914 in
1519 845 1637 934 vigilia

413 967 648 1048 AscensioniS,
666 977 702 1034 et
716 967 916 1033 inchoatum
930 964 1114 1051 collegium
1129 963 1351 1051 gaudianum,
1365 963 1401 1028 in
1413 983 1481 1049 quo
1493 963 1637 1028 inchoa·

414 1092 494 1151 runt
510 1081 646 1169 publice
661 1081 769 1148 nostri
789 1082 925 1150 docere.
949 1082 1111 1146 Inchoata
1130 1078 1303 1146 tribulatio
1322 1077 1483 1147 Mathiae.
1506 1079 1633 1146 Valen-

415 1197 482 1265 tiae
498 1196 682 1284 collegium
699 1197 878 1263 fundatum
894 1195 1088 1283 diplomate.
1110 1193 1237 1262 Missus
1253 1195 1440 1262 Bononiam
1461 1197 1638 1262 Domene-
1706 1254 1710 1262 .
1806 1227 1807 1251 κ

413 1317 511 1381 chus.
531 1315 569 1380 ln
585 1310 734 1381 Siciliam
748 1311 899 1401 Jacobus
915 1311 1089 1378 Lhostius.
1113 1309 1401 1378 Animaduersum
1421 1307 1638 1376 obedientiae

371 1487 375 1496 .
414 1429 660 1497 districtionem
676 1428 868 1508 inchoasse,
886 1426 1084 1514 praesertim
1097 1427 1301 1496 intellectus.
1316 1424 1480 1494 Reuocati
1491 1427 1637 1492 Romam

414 1544 579 1632 magister
595 1545 766 1610 Polancus
781 1555 816 1612 et
831 1542 994 1630 magister
1010 1541 1151 1610 Frusius
1167 1563 1283 1610 mense
1298 1540 1500 1628 Septembri.
1522 1539 1529 1629 1

973 1721 1081 1792 [1⁵]4'1

482 1895 522 1958 Ρ.
555 1892 725 1957 Polancus
756 1889 959 1958 secretarius
990 1888 1181 1958 societatis,
1216 1887 1488 1956 Constitutiones
1519 1887 1641 1974 incipit

414 2005 504 2075 serio
519 2026 723 2092 componere
740 2007 842 2072 Pater
857 2005 1022 2092 Ignatius.
1043 2007 1169 2091 Magna
1179 2003 1359 2090 occupatio
1371 2003 1407 2070 in
1418 2002 1640 2071 tribulatione

416 2120 577 2189 Mathiae.
596 2120 771 2187 Coniunta
786 2130 839 2188 est
855 2119 1027 2187 tribulatio
1043 2118 1203 2187 Roseriae
1218 2128 1253 2185 et
1273 2117 1469 2186 Barberani.
1492 2118 1639 2186 Floren-

416 2235 497 2304 tiam
512 2234 589 2302 misi
605 2238 653 2302 Μ.
672 2235 814 2302 Frusius
829 2245 864 2302 et
881 2238 921 2303 P.
940 2235 1087 2303 Otellus.
1103 2233 1255 2302 Primum
1268 2233 1374 2300 nostri
1386 2234 1508 2320 legunt
1520 2235 1637 2321 lngol-

415 2351 527 2438 stadij.
557 2351 764 2418 Laboratum
792 2361 844 2418 est
870 2372 914 2418 ne
940 2349 1152 2436 acciperetur
1178 2349 1394 2436 episcopatus
1420 2348 1636 2436 trigestinus.

411 2469 562 2555 Joannes
573 2467 617 2534 de
629 2467 727 2552 Vega
738 2465 774 2531 in
787 2466 936 2536 Siciliam
948 2487 1027 2533 cum
1041 2469 1102 2532 P.0
1120 2466 1355 2533 Domenech0.
1370 2465 1460 2531 quit
1473 2467 1513 2532 Ρ.
1532 2467 1635 2551 Igna-

415 2579 484 2648 tius
500 2591 537 2646 vt
552 2580 731 2666 Inquisitio
747 2581 1010 2650 constitueretur
1022 2581 1057 2648 in
1074 2580 1286 2668 Portugallia
1301 2591 1336 2648 et
1352 2583 1479 2650 Romae
1495 2581 1637 2668 expedi-

416 2731 615 2743 ψ

415 2803 515 2872 ctitur;
529 2805 711 2860 enucleatius
724 2814 823 2861 tamen
841 2806 998 2862 Societatis
1014 2807 1249 2880 perturbationes
1265 2809 1304 2862 ab
1320 2808 1403 2862 obitu
1423 2808 1454 2862 S.
1473 2807 1580 2878 Ignatii
1598 2808 1636 2862 ad

415 2891 592 2948 electionem
605 2911 700 2966 usque
710 2895 805 2950 Patris
818 2895 926 2950 Lainez
938 2895 1137 2968 prosequitur.
1234 2889 1238 2898 ’

467 2981 502 3036 ln
515 2980 644 3038 editione
657 2981 744 3054 hujus
756 2985 870 3056 egregii
888 2985 1070 3040 monumenti
1087 2985 1159 3039 nihil
1178 2986 1470 3057 praetermittendum
1484 2986 1634 3056 duximus,

414 3086 473 3142 quo
485 3070 705 3126 accuratissime
718 3071 814 3144 ipsum
827 3075 1039 3145 autographum
1053 3073 1270 3142 exhiberemus,
1288 3075 1366 3148 quod
1383 3092 1450 3130 cum
1468 3074 1585 3148 raptim,
1605 3085 1635 3129 et

415 3159 515 3214 multis
528 3159 668 3215 adhibitis
680 3161 769 3231 notis,
782 3179 856 3236 quas
868 3163 1102 3218 abbreviationes
1115 3162 1226 3232 dicunt,
1238 3163 1500 3237 frequentibusque
1517 3165 1548 3220 in
1565 3182 1640 3219 mar-

412 3247 532 3318 ginibus
545 3247 745 3306 additionibus
757 3251 795 3306 ab
807 3257 926 3306 auctore
939 3257 1090 3306 exaratum
1103 3251 1153 3319 sit,
1166 3251 1244 3306 haud
1256 3254 1323 3307 leve
1335 3252 1488 3324 negotium
1500 3252 1585 3308 nobis
1594 3253 1635 3307 ia-

413 3335 546 3408 cessivit‚
559 3331 757 3408 cujus'tamen
770 3338 890 3394 minime
902 3355 956 3395 nos
969 3339 1112 3411 poenitet,
1126 3348 1159 3395 ut
1176 3339 1305 3396 numeris
1318 3340 1454 3397 omnibus
1472 3343 1638 3398 absolutam

414 3423 585 3502 editionem,
597 3436 740 3498 quantum
753 3427 784 3483 in
796 3427 882 3482 nobis
895 3427 962 3500 erit,
976 3429 1168 3501 scriptoribus
1181 3437 1212 3484 et
1228 3429 1367 3485 studiosis
1382 3429 1521 3486 historiae
1538 3429 1638 3486 Socie-

414 3513 483 3568 tatis
496 3511 603 3569 offerre
618 3517 779 3572 valeamus.
799 3517 906 3572 Veram
923 3533 1008 3589 porro
1024 3517 1182 3573 lectionem
1203 3519 1376 3592 autographi
1395 3520 1560 3590 generatim
1581 3537 1635 3576 nos

413 3600 549 3673 attigisse
562 3603 775 3660 existimamus.
791 3605 939 3679 Siquando
952 3616 1050 3662 autem
1064 3607 1214 3663 obscurior
1226 3616 1276 3664 aut
1288 3609 1377 3664 dubia
1391 3609 1479 3664 lectio
1489 3619 1638 3681 occurret,

414 3708 467 3764 pro
479 3700 580 3748 nostro
593 3711 674 3749 more
686 3695 803 3768 proprio
816 3695 881 3751 loco
893 3695 1110 3752 annotabimus.

468 3779 718 3855 Paragraphorum
731 3785 942 3855 separationes,
955 3801 1027 3857 quas
1044 3785 1163 3841 aliseos
1180 3795 1296 3856 vocant,
1319 3787 1349 3843 in
1371 3788 1496 3860 singulis
1518 3788 1636 3862 punctis

415 3869 536 3925 adhibet
553 3871 666 3927 Natalis
684 3872 714 3926 in
732 3872 826 3944 prima
842 3873 1078 3945 Ephemeridum
1099 3881 1193 3946 parte.
1216 3877 1304 3948 Quod
1325 3885 1424 3933 autem
1445 3879 1489 3933 illi
1509 3889 1634 3951 angusta

414 3961 514 4014 charta
524 3961 618 4014 utenti
628 3961 811 4017 commodum
821 3963 990 4030 eveniebat,
1000 3980 1059 4018 non
1068 3964 1132 4020 sine
1143 3967 1235 4020 multa
1242 3967 1361 4022 chartae
1367 3966 1482 4038 jactura
1491 3985 1545 4025 nos
1554 3987 1639 4042 prae—

415 4056 493 4103 stare
506 4065 672 4120 possemus;
685 4049 811 4123 ideoque
824 4053 862 4106 ab
875 4051 933 4108 illis
946 4052 1049 4126 spatiis
1062 4055 1164 4109 vacuis
1177 4055 1261 4110 nobis
1271 4055 1477 4112 abstinendum
1487 4057 1637 4114 existima-

415 4135 521 4190 vimus.
537 4135 617 4192 Folia
630 4136 741 4209 primae
754 4139 856 4211 partis,
869 4156 945 4212 quae
958 4157 1015 4194 non
1028 4151 1097 4197 sunt
1109 4127 1235 4212 signata,
1249 4145 1364 4200 anobis
1377 4163 1498 4200 numero
1515 4146 1639 4214 ordinis,

415 4240 474 4298 quo
486 4224 516 4280 in
529 4225 630 4282 codice
640 4225 751 4298 jacent,
765 4227 795 4282 in
813 4229 878 4301 ipso
895 4237 980 4284 textu
996 4231 1191 4288 crassioribus
1207 4233 1337 4289 numeris
1357 4234 1535 4291 indicantur.
1555 4235 1637 4291 Folia

416 4329 487 4368 vero
499 4313 646 4370 secundae
658 4317 750 4388 partis
763 4317 878 4387 eodem,
891 4336 950 4390 quo
963 4319 993 4373 in
1006 4323 1187 4393 autographo
1200 4321 1421 4394 distinguuntur
1432 4341 1565 4397 numero,
1582 4343 1641 4380 nos

415 4419 532 4474 quoque
545 4420 599 4458 suo
612 4405 675 4460 loco
687 4405 851 4476 signamus.
874 4407 935 4465 Ubi
952 4415 1050 4463 autern
1066 4409 1175 4466 desinit
1192 4410 1286 4483 prima
1303 4411 1485 4484 singulorum
1502 4412 1640 4470 foliorum

415 4491 533 4564 pagina,
547 4493 683 4550 lineolam
696 4502 810 4551 tanturn
823 4495 1007 4554 adhibemus.

449 4581 609 4654 ,Singulae
631 4585 804 4659 autographi
825 4587 961 4660 paginae,
986 4603 1038 4660 pro
1060 4607 1141 4645 more
1165 4607 1181 4644 a
1203 4591 1302 4649 Natali
1320 4601 1489 4650 constanter
1505 4605 1628 4651 servato

414 4671 502 4742 signo
513 4673 609 4730 crucis
621 4673 705 4731 initio
714 4683 832 4732 notatae
845 4683 924 4734 sunt.
