3544 5390
686 451 852 547 Amannix
1327 491 1378 547 621

154 639 315 728 petriana
332 649 368 713 et
383 652 498 712 tamen
512 642 552 710 fit
567 642 651 724 fere,
669 653 707 709 ut
718 642 829 712 obiter
839 642 977 729 aliquod
987 641 1213 711 ministerium
1225 642 1381 712 Societa-

156 729 201 797 tis
222 729 318 799 obire
329 730 480 833 possint;
505 732 695 834 quodcum
716 730 862 813 iaciunt,
884 735 1106 810 uehementer
1126 742 1272 834 caueant
1287 753 1331 801 ne
1347 731 1382 797 id

156 819 219 886 fiat
233 839 314 888 cum
328 829 458 886 tactura
469 820 692 888 sobcrtudmrs
705 821 761 887 uel
773 841 907 908 operae,
922 841 1024 910 quam
1036 841 1100 889 suo
1112 821 1223 888 officio
1234 820 1375 888 debent.

674 1035 677 1040 ’
705 1061 793 1135 xm.
811 1061 841 1148 (c
868 1065 874 1080 ·

533 1199 761 1261 AMBROSIUS
780 1201 1007 1260 SANCTINUS

478 1317 619 1404 nonina
643 1347 820 1396 nscrorus
845 1347 1061 1396 vrnnnsusm

451 1459 694 1541 Vindobonae,
721 1477 762 1544 27
787 1458 914 1546 Aprilis
942 1459 1024 1544 1563
1052 1462 1078 1525 ¹.

207 1591 338 1694 Litterpa
350 1593 586 1664 quadrimanus
597 1593 634 1648 dc
646 1593 734 1649 rebus
746 1610 766 1648 a
779 1593 818 1648 P.
831 1590 940 1648 Natali
959 1593 1148 1649 vindobonae
1158 1595 1264 1668 gestis,
1277 1598 1331 1655 etc.

229 1706 406 1775 ...Placuit
425 1717 540 1776 tamen
559 1707 696 1776 diuinae
716 1707 885 1776 Maiestati
901 1706 1085 1794 collegium
1101 1728 1203 1774 suum
1220 1709 1385 1798 singulari

160 1797 287 1883 pietate
302 1816 519 1880 conseruare,
537 1817 577 1864 ac
593 1818 634 1866 eo
654 1795 729 1883 ipso
744 1807 897 1883 tempore
918 1798 962 1863 R.
986 1797 1029 1862 P.
1052 1797 1210 1864 Natalem
1230 1818 1382 1880 mouere,

160 1895 199 1952 ut
215 1885 244 1953 is
258 1905 328 1952 non
343 1884 456 1952 minus
471 1886 696 1954 necessariam
710 1906 813 1972 quam
829 1895 1033 1971 oportunam
1055 1885 1236 1970 quamdam
1257 1885 1386 1954 instru-

160 1974 309 2044 ctionem
324 1973 544 2054 describeret,
562 1994 602 2040 ac
618 1973 717 2042 nobis
732 1973 823 2040 illam
839 1973 1117 2054 communicaret,
1136 1994 1223 2061 quae
1239 1995 1280 2042 eo
1298 1985 1386 2042 tern-

160 2085 244 2150 pore
258 2063 496 2149 percommode
511 2064 765 2130 obseruaretur.
788 2063 832 2129 Et
847 2063 941 2147 quod
952 2083 1015 2128 nos
1030 2062 1229 2132 duriuscule
1241 2063 1386 2133 sortasse

161 2153 378 2219 tentabamus
393 2149 620 2237 asperioribus
636 2150 866 2237 poenitentiis
884 2149 1111 2219 crebrioribus
1126 2151 1271 2240 flagellis
1287 2161 1322 2221 et
1337 2153 1386 2221 ie-

160 2239 274 2322 iuniis;
289 2242 354 2307 hoc
367 2241 717 2308 tamenReuerendus
729 2241 769 2307 P.
785 2239 916 2306 Natalis
928 2241 1112 2325 prudenter
1127 2238 1333 2322 immutauit,
1347 2261 1387 2308 ac

160 2350 279 2396 eorum
293 2329 382 2409 loco,
396 2329 488 2412 quod
504 2327 733 2397 necessarium
750 2339 784 2397 et
800 2327 883 2395 utile
898 2327 1008 2414 magis
1025 2327 1101 2409 luit,
1115 2329 1254 2396 modum
1267 2329 1386 2396 melio-

160 2438 231 2484 rem
247 2415 465 2504 praescripsit
479 2437 519 2484 ac
534 2416 640 2498 dedit,
658 2415 718 2502 qui
734 2437 776 2484 eo
791 2419 967 2502 spectabat
980 2426 1073 2484 totus
1085 2427 1124 2483 ut
1136 2417 1258 2486 fratres
1270 2417 1304 2483 in
1316 2440 1388 2486 ma·

160 2506 231 2573 iore
246 2504 429 2573 deuotione
445 2505 712 2587 continerentur,
730 2505 941 2590 frequentius
956 2515 1108 2586 orarent,
1129 2505 1183 2572 bis
1198 2505 1234 2572 in
1255 2508 1386 2574 hebdo-

161 2596 261 2662 mada
276 2595 521 2662 confiterentur
536 2603 571 2662 et
585 2593 889 2675 communicarent,
915 2592 1067 2662 crebrius
1083 2603 1274 2676 cantarent,
1292 2605 1327 2662 et
1350 2617 1387 2664 se

150 2687 307 2752 ·honeste
321 2673 362 2750 a'c
378 2682 590 2769 frequentius
605 2682 705 2749 solito
724 2693 933 2751 recrearent:
956 2682 1048 2767 quod
1068 2681 1206 2768 quidem
1224 2693 1306 2751 tunc
1322 2683 1387 2750 im-

162 2772 281 2860 primis
296 2771 525 2840 necessarium
542 2770 622 2852 fuit,
640 2772 732 2856 quod
752 2771 931 2857 plerosque
946 2791 1073 2857 magna
1092 2791 1133 2838 ac
1153 2771 1300 2840 difficilis
1315 2795 1387 2840 me-

163 2860 332 2928 lancholia
359 2859 537 2927 timoribus
555 2859 728 2928 continuis
747 2859 848 2926 mista
871 2859 1037 2946 affligeret
1057 2859 1217 2946 grauius,
1241 2882 1281 2927 ac
1301 2881 1388 2946 pene
1442 2907 1443 2910 =

162 2951 333 3017 obrueret:
351 2948 411 3034 qui
425 2948 643 3016 alleuamenti
658 2970 728 3016 non
742 2969 861 3036 parum
877 2949 921 3017 de
936 2947 1063 3034 optima
1083 2948 1140 3014 illa
1160 2947 1387 3017 instructione

162 3059 242 3105 mox
256 3047 474 3124 acceperunt,
496 3058 536 3104 ac
556 3036 679 3106 deinde
699 3036 861 3123 paulatim
882 3038 1225 3123 praeterquamquod
1249 3037 1388 3105 timores

322 3136 356 3193 ta
370 3125 499 3195 laetitia
514 3125 745 3212 abigerentur,
763 3125 914 3212 pericula
928 3123 1030 3192 etiarn
1042 3123 1226 3207 euasimus,
1241 3148 1282 3193 ac
1298 3127 1387 3196 inte-

254 3235 341 3282 onec
355 3213 461 3302 pestis
472 3213 610 3281 omnino
621 3214 801 3300 expiraret,
816 3217 922 3283 aDeo
932 3215 1000 3300 Op.
1016 3217 1108 3282 Max.
1122 3215 1315 3282 conseruati
1327 3236 1386 3282 su-

162 3149 238 3230 COill

162 3325 277 3372 mus...
294 3303 398 3371 Venit
413 3303 458 3371 ad
473 3325 536 3370 nos
552 3304 689 3370 tandem
705 3305 747 3370 R.
767 3306 807 3370 Ρ.
826 3301 1089 3386 commissarius,
1106 3303 1206 3371 cuius
1217 3306 1389 3373 aduentus

162 3414 280 3460 omnes
295 3391 331 3458 in
346 3391 495 3459 Domino
512 3391 654 3460 mirifice
668 3391 846 3460 recreauit.
866 3394 927 3460 Est
940 3390 994 3458 hic
1011 3393 1125 3473 Pater,
1140 3403 1179 3458 ut
1195 3414 1314 3460 reuera
1325 3394 1387 3459 ad—

162 3481 337 3549 mirandus
353 3501 393 3548 ac
408 3483 631 3561 reuerendus,
653 3479 700 3547 ita
720 3502 857 3566 quoque
872 3480 1030 3547 omnibus
1045 3483 1169 3548 charus
1185 3502 1225 3548 ac
1245 3492 1380 3582 gratus,

163 3569 311 3639 Vocauit
331 3569 374 3637 ad
401 3591 438 3636 se
460 3591 538 3636 mox
562 3590 852 3656 unumquemque,
881 3567 1087 3637 examinauit
1114 3580 1318 3650 accuratius,
1348 3589 1388 3635 ac

164 3659 323 3744 cuiquam
346 3668 549 3746 potestatem
570 3657 667 3739 lecit,
689 3668 728 3724 ut
748 3679 836 3743 quae
856 3658 960 3725 uellet
979 3655 1150 3727 liberrime
1169 3668 1385 3744 proponeret:
1419 3677 1425 3692 ·

164 3747 316 3816 omnium
332 3767 372 3840 ac
387 3746 601 3834 singulorum
617 3746 758 3827 animos
776 3747 866 3813 dona
882 3756 917 3816 et
932 3745 1168 3814 inclinationes
1183 3746 1384 3832 perspectis-

164 3837 268 3905 simas
283 3835 349 3902 sibi
363 3835 487 3905 effecit:
505 3835 637 3902 audiuit
653 3835 820 3922 singulos,
838 3835 928 3902 acin
944 3834 1114 3905 audiendo
1129 3857 1166 3902 se
1178 3834 1323 3922 singulis
1336 3836 1387 3901 fa-

165 3926 293 3994 cilitate
306 3923 502 3992 admiranda
514 3923 794 4004 accommodauit,
809 3936 847 3991 ut
860 3921 1001 4008 quilibet
1016 3923 1048 3989 ei
1061 3944 1130 3989 non
1145 3933 1264 3989 notum
1277 3924 1388 3990 solum

164 4015 225 4084 sed
242 4012 439 4082 familiarem
455 4035 592 4100 qunque
607 4033 647 4079 ac
662 4012 819 4078 intimum
836 4034 911 4080 esse
922 4013 1088 4093 crederet,
1103 4032 1190 4095 quae
1206 4011 1291 4078 ratio
1303 4012 1388 4080 mire

164 4125 283 4170 omnes
296 4101 468 4169 consolata
480 4112 543 4170 est.
559 4101 723 4170 Omnium
736 4099 1037 4186 exhomologesim,
1053 4100 1187 4168 tametsi
1198 4103 1291 4167 haud
1303 4101 1389 4167 citra

162 4213 306 4279 magnos
321 4191 455 4257 labores
470 4211 510 4258 ac
526 4190 746 4277 fatigationes
761 4210 853 4270 suas,
871 4187 1016 4274 excepit.
1035 4189 1072 4255 ln
1093 4190 1305 4256 exhortando
1323 4189 1389 4254 fuit

161 4281 334 4366 frequenS,
352 4300 528 4360 succosus,
542 4300 723 4360 neruosus,
737 4279 887 4358 feruens
904 4279 1101 4359 uehemens,
1115 4277 1332 4345 admirabilis.
1349 4279 1386 4344 ln

160 4369 397 4437 conuersando
412 4368 505 4435 haud
520 4367 647 4437 neinini
664 4368 826 4434 molestus
843 4365 919 4448 fuit,
938 4365 1022 4452 quin
1043 4367 1178 4435 tametsi
1193 4376 1336 4434 exactus
1352 4375 1388 4433 et

163 4587 224 4709 ²63¹
272 4581 317 4708 ξι
341 4578 413 4708 tCod.
436 4593 476 4648 29
497 4579 537 4649 c),
560 4579 611 4634 fol.
634 4579 669 4648 46
689 4596 718 4633 v.
738 4577 813 4633 Vide
836 4575 923 4650 epist.
947 4576 1014 4646 2183
1038 4587 1104 4646 257,
1125 4595 1154 4634 n.
1179 4591 1206 4646 23
1225 4579 1288 4647 258,
1311 4597 1340 4634 n·
1359 4591 1390 4648 73

218 4670 269 4724 ,n.
304 4667 383 4722 ,ec.

269 4785 356 4832 Errar.
373 4784 405 4830 Ρ.
421 4783 522 4838 Nauna,
536 4783 604 4830 Tou.
620 4781 653 4828 11.
1248 4782 1274 4827 tl
