3504 5386
387 541 455 597 Ι45ο
829 525 933 579 Ernst.
952 523 986 578 P.
1007 521 1206 580 Ninon-331
1273 602 1275 606 ι
1396 589 1401 602 Β

399 677 435 744 in
451 698 514 744 suo
530 677 656 755 officio,
675 699 719 742 an
735 675 781 742 illi
798 677 922 744 debeat
938 674 1087 743 scribere
1101 686 1137 742 et
1152 675 1294 744 reddere
1309 675 1475 764 rationem
1490 697 1619 756 eorum,

399 813 487 878 quae
503 791 660 878 gesserit,
679 803 713 860 et
735 813 779 858 an
799 813 860 878 per
881 793 974 856 hunc
990 789 1209 877 prouincialis
1229 793 1352 858 debeat
1373 789 1552 861 instituere
1570 795 1620 861 vel

388 907 523 994 ¹exequi
539 905 754 993 quaeppiam,
773 914 840 976 etc.
862 907 884 973 ¹.

434 997 441 1016 ⁶
467 1024 503 1088 lo
518 1025 564 1088 ho
579 1022 699 1088 adesso
716 1033 876 1109 proposto
892 1045 912 1090 a
928 1022 1041 1109 questi
1058 1021 1160 1089 Padri
1175 1021 1281 1089 nostri
1296 1022 1325 1090 si
1341 1021 1376 1089 io
1385 1025 1430 1090 ho
1441 1022 1477 1089 di
1489 1032 1621 1091 tornare

400 1159 420 1203 a
437 1133 570 1204 Vienn'a
586 1136 644 1224 piu
660 1148 774 1224 presto
791 1141 855 1206 che
871 1159 940 1204 non
956 1159 1014 1205 era
1030 1136 1199 1221 ordinato,
1213 1136 1430 1225 anticipando
1441 1140 1475 1205 la
1485 1137 1619 1205 rinoua-

401 1252 494 1319 tione
509 1253 589 1318 delli
605 1252 687 1319 voti.
708 1254 756 1320 La
772 1275 889 1322 mezza
904 1263 1000 1340 parte
1015 1252 1050 1319 di
1065 1254 1138 1320 loro
1153 1253 1228 1320 dice
1244 1254 1287 1320 de
1303 1253 1344 1336 si3
1362 1254 1384 1318 l'
1397 1255 1483 1321 altra
1493 1253 1530 1319 di
1542 1275 1620 1332 non,

400 1368 577 1453 probando
594 1389 654 1454 per
670 1367 836 1455 raggione
857 1380 892 1437 et
912 1367 1080 1454 essempio
1099 1372 1164 1438 che
1184 1369 1207 1433 il
1227 1368 1434 1454 prouinciale
1449 1369 1538 1436 debe
1558 1371 1619 1436 fer-

400 1481 502 1548 marsi
523 1504 592 1568 qua
613 1482 670 1569 pid
692 1493 817 1570 tempe,
840 1495 874 1550 et
896 1506 965 1551 non
985 1483 1085 1550 adire
1098 1485 1267 1569 perimite,
1294 1496 1329 1552 et
1351 1485 1463 1569 questi
1490 1505 1576 1551 sono
1601 1485 1621 1548 il

400 1607 527 1665 rettore
542 1607 577 1664 et
592 1596 616 1663 il
631 1599 748 1664 dottor
767 1599 992 1686 Wolfgango.
1012 1601 1145 1666 Horum
1162 1600 1351 1669 sententiae
1370 1599 1554 1686 opponitur
1572 1599 1622 1666 ius

399 1731 594 1794 commune3
624 1712 706 1782 item
732 1715 853 1800 regula
877 1716 1043 1798 quaedam
1066 1716 1110 1781 de
1133 1713 1310 1782 visitandis
1333 1713 1486 1802 collegiis
1508 1714 1619 1781 maiori

400 1827 594 1894 necessitati
614 1827 789 1910 subiectis,
812 1839 847 1896 et
868 1850 1003 1896 rursum
1024 1828 1090 1896 alia
1110 1830 1153 1897 de
1175 1829 1320 1916 collegio
1347 1851 1426 1896 mox
1451 1829 1619 1909 adeundo,

399 1941 498 2009 cuius
519 1953 630 2012 rector
650 1941 851 2024 infirmatur,
875 1957 909 2012 et
933 1943 1007 2012 eius
1027 1945 1103 2012 loco
1130 1944 1214 2010 illud
1240 1945 1477 2032 gubernando.
1509 1943 1618 2027 Onde,

400 2059 523 2141 Padre,
540 2058 573 2124 io
588 2058 635 2124 mi
651 2058 779 2126 risoluo
795 2058 831 2124 di
842 2059 1082 2129 comminciare
1093 2060 1215 2126 adesso
1226 2061 1260 2126 la
1271 2061 1418 2128 seconda
1430 2049 1619 2151 yisitatione

398 2193 460 2259 per
479 2173 617 2239 rinouar
637 2173 660 2240 li
680 2173 751 2240 voti
772 2176 805 2240 la
824 2175 1003 2242 domenica
1025 2174 1220 2244 immediate
1240 2175 1445 2262 precedente
1466 2176 1500 2241 la
1519 2175 1618 2262 prima

398 2288 576 2356 domenico
591 2290 647 2356 del
662 2299 761 2356 santo
776 2291 939 2359 aduento.
958 2293 992 2358 A
1008 2303 1130 2376 questo
1145 2289 1267 2378 giorno
1287 2293 1393 2357 molto
1415 2291 1445 2358 ci
1465 2290 1573 2357 inuita
1591 2291 1618 2356 la
1736 2293 1737 2300 ’

398 2395 548 2489 gloriosa
569 2405 656 2471 festa
679 2405 769 2474 della
793 2405 1048 2491 presentatione
1073 2407 1109 2474 di
1136 2407 1218 2473 Nra.
1248 2405 1408 2494 Signora‚
1431 2408 1540 2473 molto
1559 2407 1619 2473 ben

398 2515 719 2608 correspon[den]do
735 2521 767 2586 al
782 2520 924 2607 negotio
941 2531 977 2590 et
991 2521 1165 2608 proposito
1181 2531 1308 2588 nostro.
1323 2522 1361 2588 ln
1373 2531 1498 2607 questo
1514 2532 1620 2606 tempo

397 2632 610 2715 intermedio,
630 2635 673 2702 lei
690 2634 722 2702 ci
737 2635 919 2722 impetrarit
934 2637 1079 2722 qualche
1091 2635 1191 2704 lucio
1203 2634 1237 2703 di
1250 2636 1384 2705 Vienna
1399 2636 1466 2702 odi
1479 2637 1618 2714 altroue,

398 2747 493 2816 accio
510 2749 719 2818 intendiamo
735 2751 862 2838 meglio
878 2755 943 2822 che
957 2755 1141 2821 haueremo
1156 2754 1200 2818 da
1216 2753 1299 2834 fare,
1318 2763 1386 2818 etc.
1403 2752 1416 2784 ¹

420 2881 423 2887 “
465 2865 648 2950 Inscriptio
665 2867 702 2931 in
719 2871 845 2952 quarta
856 2868 1006 2953 pagina:
1024 2868 1100 2954 Jhs.
1123 2867 1171 2933 Al
1192 2867 1300 2933 molto
1320 2866 1407 2934 Rdo.
1431 2865 1465 2930 in
1488 2863 1619 2932 Christo

400 2980 511 3046 Padre
527 2979 728 3048 Hieronimo
750 2983 884 3062 Natale,
907 2982 1047 3048 doctore
1068 2983 1241 3068 theologo,
1266 2969 1499 3048 commissario
1518 3001 1617 3067 gene
1735 3041 1736 3052 2

398 3094 468 3160 rale
484 3094 573 3162 della
588 3095 804 3182 Compagnia
819 3095 853 3162 di
865 3098 961 3184 Jest,
979 3095 1016 3163 in
1032 3098 1193 3183 Augusta
1208 3119 1229 3161 o
1245 3096 1394 3184 Dilinga.
1410 3096 1492 3162 Atia
1509 3115 1620 3161 monte

404 3210 500 3293 1563.
521 3212 646 3298 Praga.
668 3213 706 3277 P.
726 3212 857 3298 Lanoy‚
876 3214 895 3278 8
913 3211 946 3279 di
963 3212 1166 3281 Nouembre
1184 3211 1304 3299 Sigilli
1318 3212 1516 3299 vestigium.

440 3352 600 3361 -.—-.-.-.......

457 3425 463 3455 ¹
501 3421 602 3478 Natal.
627 3438 722 3495 resp.:
741 3423 807 3497 Ipse
825 3425 915 3480 illum
926 3424 1029 3498 faciat
1041 3425 1337 3498 eaperintendentem
1354 3423 1476 3494 quando
1498 3423 1617 3478 discedet

399 3509 551 3582 hagam,
565 3513 599 3567 in
608 3511 779 3585 [omntlbue
792 3531 869 3584 quae
881 3514 938 3568 sibi
951 3513 1144 3578 videbuntur,
1154 3516 1183 3569 et
1195 3517 1309 3586 quanto
1318 3517 1450 3584 tempore
1462 3513 1619 3572 uidebitur,

398 3603 429 3654 et
440 3601 587 3670 quomodo
599 3601 764 3658 videbitur.
782 3603 887 3674 Itaque
899 3604 1004 3658 omnia
1016 3604 1054 3658 ab
1066 3606 1130 3676 ipso
1139 3601 1331 3675 prouinciali
1339 3601 1545 3673 providenda.

454 3693 465 3723 ²
503 3688 603 3745 Natat.
620 3707 716 3763 resp.:
733 3691 782 3746 Ha
796 3692 955 3764 densatio.
