3478 5384
625 475 660 535 29
678 461 763 536 Junn
785 437 859 536 1563Α
1300 461 1354 536 319

142 613 347 700 prouinciale‚
361 625 397 684 et
408 614 755 700 questo,intendendo
765 627 892 702 quanto
905 618 969 686 alla
981 640 1137 705 persona,
1147 628 1353 704 nonquanto

142 731 343 816 algouerno‚
360 733 486 817 perche
502 733 630 798 restara
645 733 758 817 quello
780 743 871 801 sotto
891 733 915 800 li
935 733 1011 802 suoi
1031 734 1196 822 superiori
1216 733 1353 804 ordina-

142 845 178 911 rii
195 848 214 913 ¹.
402 915 410 930 ,

200 957 230 1030 8.
276 961 377 1030 Circa
392 961 414 1028 li
430 962 566 1051 bisogni
581 962 660 1031 delli
675 963 810 1052 collegii
826 965 861 1032 di
878 967 992 1053 Praga
1007 976 1041 1033 et
1061 965 1208 1046 Vienna,
1227 966 1353 1034 uedera

142 1078 179 1144 V.
201 1079 254 1158 R.,
277 1088 407 1145 uenuto
426 1077 668 1166 l'imperatore,
689 1101 726 1147 se
753 1079 781 1147 si
806 1083 903 1168 potra
924 1081 1119 1150 remediare.
1146 1082 1211 1149 Del
1238 1083 1354 1148 dottor

137 1195 212 1280 Jaen
236 1194 247 1226 ¹
272 1196 420 1264 hauemo
443 1194 563 1263 lettere
586 1196 650 1262 che
673 1193 702 1262 si
726 1204 848 1264 truoua
871 1195 1008 1284 meglio.
1027 1199 1070 1265 V.
1096 1199 1138 1264 R.
1160 1198 1287 1265 uedera
1314 1219 1352 1278 se

140 1312 220 1376 stara
234 1311 302 1378 ben
314 1310 350 1392 li,
368 1308 436 1377 oin
449 1309 599 1399 Dilinga‚
614 1333 635 1378 o
647 1311 731 1379 altra
744 1320 839 1398 parte
851 1313 894 1379 de
905 1311 1102 1395 Germania,
1115 1333 1175 1402 per
1188 1335 1258 1382 non
1271 1333 1353 1400 spo·
1465 1397 1469 1402 Ι

140 1423 217 1512 gliar
231 1426 263 1492 la
277 1411 463 1495 Germania
478 1426 522 1495 de
533 1449 584 1503 ¹un
601 1428 775 1515 theologo.
794 1429 827 1496 A
841 1429 943 1514 quelli
955 1428 990 1495 di
1003 1427 1146 1497 Colonia
1157 1450 1195 1496 se
1210 1427 1352 1508 scriuira

139 1539 170 1605 di
184 1562 296 1609 nuouo
310 1542 391 1627 quel
407 1540 540 1608 ricordo
555 1545 619 1612 che
635 1544 678 1611 V.
690 1538 738 1610 R.
756 1542 780 1609 li
795 1543 911 1613 laseid.
930 1546 979 1612 Le
995 1545 1148 1613 comedie
1163 1545 1198 1612 di
1219 1547 1351 1614 Teren·

140 1654 182 1722 tio
194 1656 220 1723 si
236 1657 256 1723 ἑ
270 1656 389 1724 scritto
405 1679 426 1724 a
442 1659 549 1725 Roma
565 1657 598 1723 di
614 1679 730 1726 nuouo
746 1659 777 1726 le
792 1658 964 1728 mandino.
989 1662 1060 1727 Pur
1079 1662 1122 1728 V.
1141 1651 1190 1728 R.
1212 1659 1353 1728 intenda
1395 1743 1402 1756 ⁸

140 1775 196 1842 che
217 1772 275 1860 gia
294 1772 323 1839 si
343 1773 468 1840 mando
488 1773 512 1838 il
536 1772 696 1841 Terentio
716 1773 773 1843 del
794 1776 834 1841 P.
859 1774 999 1842 Frussio
1019 1775 1212 1859 emendato,
1229 1775 1254 1842 il
1273 1776 1352 1861 qual

140 1887 221 1956 tiene
235 1887 271 1954 in
286 1887 469 1956 Monachio
483 1887 507 1954 il
524 1900 639 1956 rettor:
658 1911 727 1956 non
749 1887 795 1956 mi
820 1889 955 1956 ricordo
979 1890 1013 1956 d'
1032 1891 1117 1960 altre
1136 1901 1227 1959 sorte
1242 1890 1277 1957 di
1292 1911 1351 1958 oo-

141 2003 252 2085 medie,
270 2026 326 2070 ma
341 2007 369 2070 s'
388 2003 552 2086 escritto,
570 2005 773 2085 comedim,
796 2006 872 2087 ohe,
894 2027 931 2072 se
950 2004 974 2071 li
994 2008 1119 2087 hanno,
1138 2005 1170 2074 le
1191 2004 1352 2075 mandino

140 2118 169 2184 di
185 2121 299 2187 Roma.
319 2121 451 2188 Perche
465 2118 489 2185 li
505 2119 668 2188 essercitii
684 2119 713 2188 si
724 2121 937 2189 domandano
948 2119 983 2188 in
995 2121 1131 2190 diuersa
1142 2123 1265 2204 bande,
1280 2131 1351 2190 tut·

141 2235 357 2324 tauiaparera
372 2237 460 2304 bene
476 2258 496 2303 a
511 2237 554 2302 N.
575 2238 615 2303 P.
633 2235 662 2302 si
677 2235 855 2321 stampassi
871 2257 918 2302 un
931 2257 1073 2304 numero
1084 2235 1119 2303 di
1135 2217 1238 2322 quelli
1249 2257 1353 2324 sanza

139 2349 342 2438 aggiongere
358 2351 550 2420 altrimente
566 2351 775 2419 annotationi
791 2375 812 2418 a
827 2352 938 2437 quelle
954 2353 1010 2427 del
1026 2355 1066 2419 P.
1085 2353 1130 2420 N.
1152 2352 1300 2438 Ignatio,
1317 2363 1353 2422 et

139 2465 308 2555 potendosi
323 2476 473 2554 stampar
493 2466 528 2534 in
544 2466 689 2548 Vienna,
708 2467 787 2533 bena
803 2467 949 2554 quidem
965 2488 1002 2534 se
1017 2488 1098 2548 non,
1116 2465 1145 2550 si
1161 2469 1232 2561 fara
1248 2468 1352 2535 altro-

140 2603 188 2648 ue.
205 2584 241 2650 In
257 2593 378 2670 questo
394 2591 511 2649 mezzo
525 2584 569 2649 V.
589 2584 629 2650 R.
648 2586 747 2669 potra
761 2583 833 2651 fare
848 2583 880 2652 le
894 2581 1104 2652 annotationi
1124 2585 1188 2652 che
1208 2581 1231 2650 li
1253 2605 1352 2670 pare-

140 2719 248 2778 rann0,
266 2709 302 2766 et
317 2699 373 2766 all'
390 2700 475 2765 hora
489 2719 527 2766 se
553 2696 820 2784 ristamparanno
839 2697 874 2763 di
894 2719 1021 2766 nuou0.
1045 2696 1220 2785 L’inglese
1241 2699 1253 2733 ³
1272 2721 1352 2785 pare

140 2833 173 2880 se
187 2813 306 2895 risana,
324 2824 359 2884 et
376 2814 464 2882 forsa
479 2813 508 2880 si
524 2816 621 2900 potra
631 2815 779 2900 ,probare
794 2812 830 2878 in
846 2814 985 2901 [spruch
1001 2835 1022 2880 o
1037 2815 1123 2880 altra
1137 2815 1249 2882 banda
1264 2815 1352 2884 della

140 2929 326 2996 Germania.
342 2930 367 2996 Il
382 2930 498 2996 dottor
514 2930 638 2998 Torres
651 2949 721 3016 'non
737 2928 913 2996 dubitamo
928 2931 992 2998 che
1007 2932 1083 2996 sara
1095 2931 1189 2997 buon
1201 2930 1303 2998 lettor
1314 2929 1350 2997 di

140 3045 303 3133 theologia
329 3043 541 3112 scholastica.
564 3044 630 3115 Del
650 3045 762 3111 dottor
783 3045 928 3114 Hermes
947 3044 976 3118 si
997 3046 1122 3113 uedera
1143 3045 1280 3131 quando
1301 3046 1349 3136 gl’

138 3160 207 3226 altri
223 3183 380 3249 uengano
396 3160 424 3226 si
441 3164 516 3228 sara
532 3181 656 3228 ancora
670 3159 718 3226 lui
733 3159 925 3228 necessario
940 3183 1001 3247 per
1013 3162 1217 3248 Alemagna,
1232 3183 1253 3229 o
1266 3182 1347 3230 non.

196 3299 226 3365 9.
273 3279 309 3347 S'
328 3279 348 3345 ὁ
364 3275 483 3343 scritto
498 3299 519 3342 a
535 3278 642 3344 Roma
657 3278 721 3346 che
736 3276 825 3342 uada
840 3275 976 3343 innanzi
991 3275 1015 3343 il
1032 3279 1072 3344 P.
1091 3275 1215 3345 Fuluio
1229 3287 1265 3345 et
1281 3299 1350 3349 non

138 3391 288 3482 Vanegas
316 3393 405 3461 nella
427 3391 646 3506 translatione
670 3391 759 3460 della
786 3392 906 3460 lettere
933 3392 1011 3458 dell'
1040 3391 1135 3460 India
1162 3394 1187 3460 ⁴.
1218 3395 1349 3462 Perche

139 3509 178 3574 V.
208 3511 247 3577 R.
271 3508 364 3578 dice:
391 3506 545 3576 «utinam
565 3507 631 3574 ista
651 3505 763 3594 gratia
784 3529 850 3593 qua
871 3507 1025 3576 ualemus
1045 3508 1135 3594 apud
1155 3507 1188 3575 io
1209 3511 1221 3544 ³
1241 3507 1350 3595 pariat
1373 3591 1376 3596 ,

140 3626 265 3694 tandem
281 3622 418 3711 collegii
435 3621 564 3691 romani
579 3633 790 3709 perpetuam,
809 3623 939 3689 firmam
955 3635 1058 3708 atque
1074 3623 1269 3710 opulentam
1287 3625 1350 3688 dt-

142 3740 327 3823 tationem»‚
345 3739 369 3805 li
385 3738 493 3806 saccio
507 3737 683 3806 intendere
699 3740 775 3819 che,
789 3740 948 3806 hauendo
965 3739 1022 3826 gia
1037 3748 1215 3826 procurate
1229 3740 1350 3807 lettere

141 3855 220 3924 della
233 3858 364 3924 maesta
378 3875 534 3923 cessarea
547 3875 607 3940 per
623 3853 646 3920 il
662 3876 749 3941 papa
764 3863 798 3922 et
814 3853 909 3920 molti
924 3851 1086 3921 cardinali
1101 3875 1199 3940 sopra
1215 3853 1350 3941 l’appli-

141 3975 200 4038 car’
215 3973 248 4040 la
262 3969 425 4039 abbazzia
439 3968 474 4036 di
488 3970 612 4038 Grotta
628 3969 752 4038 ferrata
767 3969 799 4037 al
820 3969 967 4056 collegio
987 3980 1104 4037 nostro
1124 3969 1158 4036 di
1180 3971 1287 4036 Roma
1304 3970 1349 4058 (et

188 4153 195 4186 ¹
230 4149 305 4207 Vide
319 4127 407 4222 epist.
427 4147 489 4217 2873
504 4154 534 4202 et
547 4146 685 4235 append„
700 4148 780 4202 Vlll.

185 4243 196 4274 ¹
230 4237 430 4295 Ferdinandus
443 4237 529 4308 Jadn,
542 4235 649 4309 dequo
662 4235 730 4291 vide
743 4253 841 4308 supra,
855 4253 921 4308 pag.
936 4235 999 4307 239,
1013 4243 1113 4291 annot.
1134 4249 1159 4291 1.

185 4328 196 4361 ³
229 4329 357 4398 joannes
371 4323 482 4396 Corne,
493 4325 530 4380 de
547 4342 606 4398 quo
619 4323 731 4380 dictum
743 4334 790 4380 est
802 4342 888 4398 supra
902 4323 988 4397 epist.
1003 4323 1055 4393 284
1069 4333 1125 4380 etc.
1140 4323 1211 4397 Ejus
1225 4342 1348 4380 examen

139 4416 368 4490 estinappend.,
387 4415 410 4470 1.
622 4410 628 4420 '

186 4504 197 4536 ⁴
230 4505 304 4561 Vide
317 4521 385 4578 pag.
401 4502 464 4573 276,
475 4510 616 4558 annoti.

188 4595 198 4630 ⁸
231 4595 289 4651 Sic:
303 4593 375 4674 quid
387 4600 486 4649 autem
499 4591 664 4664 significare
678 4590 805 4648 voluerit
817 4591 928 4649 Natalis
941 4593 995 4650 hac
1008 4599 1088 4666 nota,
1101 4592 1286 4666 interpretari
1298 4613 1348 4652 ne-

142 4699 288 4754 quivimus.
