3666 5384
765 447 834 517 155⁶
985 403 995 422 ⁶
1376 467 1415 521 49

179 612 255 668 rent
270 601 316 667 de
330 622 407 668 mea
427 600 650 691 proiectione.
675 601 804 668 Habito
825 611 1011 682 conuentu,
1035 623 1096 688 per
1116 600 1176 670 84
1205 604 1414 670 Bustaman-

178 715 264 782 tium
294 715 535 784 renuntiarunt
561 739 598 784 se
625 717 659 783 in
680 737 721 784 ea
741 738 817 785 esse
844 715 1027 798 sententia,
1050 726 1089 782 vt
1108 739 1175 804 ego
1198 705 1340 785 Romam
1368 741 1413 786 ne

177 833 275 912 irem,
294 833 357 900 sed
371 853 482 916 vsque
497 833 541 899 ad
558 843 692 917 tempus
708 831 986 917 congregationis
998 834 1174 900 haererem
1185 831 1221 898 in
1234 833 1412 919 prouincia

177 947 388 1034 aragoniae.
403 945 586 1033 Displicuit
598 946 680 1012 mihi
693 947 749 1014 illa
761 947 897 1013 illorum
911 949 1051 1013 Patrum
1063 947 1237 1028 voluntas,
1249 957 1284 1014 et
1296 947 1413 1016 nescio

173 1061 259 1146 quid
276 1061 474 1148 suspicatus
490 1083 579 1143 sum,
597 1083 741 1148 syncere
761 1083 832 1129 rem
852 1083 921 1128 non
943 1072 1101 1131 tractare:
1124 1062 1277 1150 cogitaui
1293 1075 1410 1150 postea

176 1177 317 1244 fortasis
344 1177 437 1263 ipsos
463 1176 531 1244 iam
547 1189 630 1244 tunc
650 1189 822 1264 spectasse
847 1188 886 1242 vt
905 1179 1034 1246 Romae
1061 1199 1131 1246 non
1150 1179 1248 1252 fieret
1275 1178 1408 1260 electio

172 1293 267 1376 quod
284 1292 443 1378 sequenti
460 1313 551 1360 anno
566 1292 666 1361 enixe
678 1293 943 1362 contenderunt.
958 1295 1076 1378 Itaque
1088 1293 1172 1360 nihil
1183 1293 1407 1376 dissimulaui,

170 1419 208 1474 et
223 1409 328 1495 plane
344 1409 535 1495 improbaui
551 1409 684 1476 illorum
702 1408 919 1490 sententiam,
943 1419 979 1478 et
990 1429 1060 1475 non
1079 1409 1158 1476 silui
1173 1408 1406 1492 offensionem,

170 1545 276 1608 quam
293 1524 375 1592 inde
390 1545 627 1611 conceperam,
646 1535 680 1593 et
696 1523 766 1590 dixi
782 1544 824 1592 eo
839 1523 895 1591 die
913 1545 974 1618 me¹
985 1525 1073 1592 velle
1092 1523 1098 1613 Ι
1119 1524 1298 1610 proticisci,
1316 1527 1409 1610 quod

169 1649 206 1704 et
222 1639 305 1720 feci,
320 1660 400 1706 nam
415 1661 457 1707 eo
473 1637 530 1708 die
544 1639 624 1708 veni
642 1640 896 1708 Torcrematam
916 1641 938 1705 ¹.

238 1753 449 1824 Succensuit
464 1753 547 1822 mihi
571 1757 611 1821 P.
634 1753 838 1822 Franciscus
858 1765 893 1820 et
914 1753 968 1841 alij
991 1777 1110 1824 omnes
1132 1766 1270 1843 propter
1296 1777 1406 1825 meam

174 1869 379 1953 libertatem;
413 1889 481 1956 ego
510 1892 593 1938 veto
626 1880 759 1937 tantum
791 1869 901 1937 abfuit
932 1881 969 1935 vt
999 1871 1203 1951 modestius,
1236 1882 1273 1937 vt
1303 1871 1406 1940 etiam

174 1989 211 2053 P.
231 1985 432 2065 Francisco,
456 1984 515 2070 qui
537 1985 717 2052 videbatur
732 2007 867 2072 vrgere,
891 1984 1032 2052 dixerim
1053 2007 1108 2054 me
1125 1985 1220 2052 illum
1240 1986 1403 2068 reuereri,

170 2121 240 2167 non
257 2100 320 2186 qui
337 2099 453 2180 suerit,
471 2097 555 2191 [sed]
571 2100 630 2185 qui
646 2110 749 2181 esset,
767 2111 832 2169 etc.

213 2219 336 2302 Quum
361 2218 584 2283 vehementer
610 2225 797 2284 metuerem
820 2237 864 2282 ne
884 2217 1010 2284 malum
1033 2238 1159 2304 equum
1180 2218 1340 2285 haberem
1368 2218 1404 2283 in

171 2331 306 2412 itinere,
324 2341 360 2399 et
387 2332 525 2399 offerret
544 2331 629 2398 mihi
656 2334 703 2399 M.
728 2330 917 2400 Montesiae
941 2332 1120 2420 egregium
1142 2354 1281 2419 equum,
1307 2333 1402 2400 illum

168 2449 286 2534 accepi
307 2469 378 2514 non
406 2445 489 2514 satis
508 2447 734 2530 considerate,
756 2458 791 2513 et
811 2470 867 2514 me
887 2469 969 2514 sane
990 2447 1169 2533 poenituit,
1194 2447 1329 2516 tametsi
1348 2449 1404 2516 85

170 2563 269 2632 Senis
299 2562 394 2630 illum
415 2562 566 2631 dederim
588 2565 637 2651 (vt
656 2563 819 2648 dixeram)
840 2563 1107 2632 commendatori
1127 2565 1320 2643 cathalano,
1343 2564 1401 2649 qui

167 2679 296 2746 missus
312 2701 334 2745 a
348 2678 514 2765 magistro
530 2679 673 2765 gerebat
690 2679 764 2748 eius
784 2677 941 2764 negocia.
964 2680 1203 2748 Torcrematae
1224 2678 1341 2760 sebriS,
1366 2689 1402 2746 et

169 2794 330 2880 pediculi,
349 2805 384 2862 et
399 2816 463 2881 pro
484 2793 641 2882 singulis,
660 2804 726 2861 etc.
750 2794 920 2860 Postridie
940 2794 1083 2862 auaritia
1103 2794 1140 2860 in
1160 2796 1304 2861 emenda
1323 2816 1401 2880 per-

167 2909 255 2990 dice,
280 2920 349 2976 eto.
373 2909 500 2996 Burgis
520 2909 739 2977 discessimus
761 2913 801 2976 P.
828 2909 992 2991 Victoria,
1015 2911 1159 2977 Iacobus
1181 2910 1256 2979 eius
1284 2911 1399 2991 frater,

165 3026 346 3094 Gerardus
362 3025 488 3106 sociuS,
503 3035 538 3092 et
554 3045 633 3112 ego,
653 3024 815 3111 postridie
831 3025 902 3091 diui
914 3023 1099 3094 Michaelis
1113 3027 1153 3093 In
1164 3025 1286 3093 itinere
1298 3047 1399 3092 casus

163 3139 245 3227 equi
263 3142 306 3208 P.
327 3140 499 3208 Victoriae
515 3141 698 3207 admodum
714 3139 938 3227 periculosuS,
957 3151 994 3206 vt
1009 3142 1126 3207 darem
1146 3163 1215 3227 ego
1235 3141 1399 3210 miraculo

163 3257 257 3342 quod
274 3255 362 3323 nihil
376 3266 468 3324 esset
483 3257 608 3322 laesus.
624 3259 741 3324 Meum
753 3255 942 3342 periculum
962 3254 967 3343 Ι
987 3255 1023 3322 in
1035 3255 1209 3322 montibus
1225 3255 1399 3324 ienuensi—

166 3370 242 3450 bus,
260 3373 346 3437 dum
364 3370 543 3439 transirem
559 3393 679 3438 saxum
695 3370 879 3456 quoddam,
897 3381 964 3440 etc.

233 3489 434 3570 Antequam
462 3485 716 3554 discederemus
741 3507 784 3552 ex
811 3485 989 3571 Hispania.
1012 3488 1051 3552 In
1078 3485 1212 3569 itinere,
1235 3487 1303 3568 hic,
1328 3485 1396 3568 hic,

163 3612 248 3682 etc,
268 3614 305 3670 et
320 3599 547 3668 salutauimus
563 3602 701 3670 fratrem
717 3604 761 3669 D.
781 3601 910 3686 Olauij,
933 3612 1000 3670 etc.
1024 3603 1062 3668 In
1079 3601 1225 3670 transitu
1240 3601 1349 3688 fluuij,
1367 3601 1399 3668 ei

167 3713 314 3808 porteiih
329 3727 395 3785 etc.
410 3715 618 3803 Recepimus
628 3716 776 3784 literasa
794 3719 834 3783 P.
855 3718 1019 3798 Polanc0,
1035 3740 1077 3786 ex
1090 3717 1340 3799 commissione,
1359 3727 1398 3783 vt

165 3831 313 3919 collegia
328 3831 526 3914 inuiserem,
545 3831 647 3900 etiam
663 3853 752 3918 quae
773 3842 956 3900 nouerant
977 3831 1012 3900 in
1032 3843 1127 3901 recto
1149 3831 1283 3914 itinere,
1306 3833 1399 3919 quod

163 3947 349 4014 admodum
375 3946 441 4014 fuit
467 3947 686 4030 laboriosum,
717 3958 751 4016 et
780 3951 820 4016 P.
840 3949 977 4034 Laynez
1004 3947 1101 4029 dixit,
1131 3959 1198 4017 etc.
1229 3947 1398 4016 Venimus

166 4065 309 4130 Romam
332 4083 371 4131 lo
387 4061 572 4131 Decembri
589 4061 627 4151 [s]
647 4063 673 4130 ³.

167 4265 362 4275 —-—-—-—-

214 4393 222 4424 ¹
261 4391 500 4462 Toaouauana,
522 4393 629 4448 viiia...
653 4409 690 4448 en
716 4394 743 4447 la
761 4411 847 4465 prov.
871 4411 891 4466 y
908 4393 1036 4450 diocesis
1053 4394 1091 4452 de
1108 4393 1248 4450 Paleucia
1262 4391 1291 4460 (3
1311 4393 1398 4464 leg.),

162 4487 237 4549 part.
249 4477 315 4550 jud.
333 4480 370 4535 de
394 4480 604 4552 Astudillo(3),
618 4480 688 4536 aud.
712 4490 786 4537 terr.
808 4499 868 4555 yc.
886 4499 917 4554 g.
936 4483 973 4538 de
992 4481 1158 4540 Valladolid
1179 4485 1252 4552 (11).
1269 4482 1398 4549 Manoz,

162 4567 304 4623 Diccion.
311 4585 420 4644 geogr.

215 4661 227 4692 ¹
265 4657 329 4716 Fol.
343 4657 379 4712 86
392 4665 487 4714 totum
500 4677 627 4716 vacuum
639 4660 775 4716 relictum
789 4660 855 4716 fuit.
