3604 5380
383 434 419 492 92
809 419 842 474 P.
863 419 1004 475 Neruiis
1022 420 1187 474 Eranusa.

380 593 537 641 raueram
554 570 589 636 in
602 567 803 656 Hispaniam
815 571 915 651 mitti,
930 581 967 637 vt
978 569 1223 657 prouincialem
1236 567 1362 638 alicubi
1374 573 1533 652 lacerem,
1546 571 1615 635 sed

382 687 479 755 tarde
494 685 559 784 iter
575 684 668 768 fecit;
685 683 802 772 itaque
817 685 932 752 nullus
948 685 1013 754 fuit
1028 685 1112 754 188
1126 685 1174 752 illi
1190 684 1331 754 relictus
1346 685 1454 752 locus.
1468 683 1617 752 Disces-

381 801 426 868 sit
442 799 648 881 Valentiam,
666 809 704 866 vt
719 809 867 869 tentaret
882 800 912 867 si
927 800 1010 885 quid
1024 802 1069 869 de
1084 799 1231 887 negocio
1253 798 1380 868 sororis
1400 809 1516 885 posset
1533 800 1615 869 effi-

383 939 473 985 cere:
488 915 573 984 nihil
585 913 745 983 confecit.
760 914 848 984 Dedi
854 914 887 982 ei
901 915 1210 997 instructionem,si
1222 913 1355 982 veniret
1367 914 1559 997 Maioricas;
1576 925 1617 983 et

336 1025 337 1030 ’
382 1031 439 1099 hic
458 1034 570 1100 bonus
596 1031 662 1097 fuit
686 1030 822 1098 occasio
845 1041 883 1097 vt
903 1051 1011 1126 nepos
1035 1033 1180 1099 Romam
1203 1030 1408 1114 mitteretur,
1429 1033 1522 1115 quod
1545 1029 1616 1096 fuit

383 1147 464 1213 mihi
481 1144 762 1234 ingratissimrun,
779 1157 846 1213 etc.
866 1145 916 1212 lbi
936 1146 1050 1232 recepi
1071 1149 1299 1214 Bertrannum
1320 1156 1355 1212 et
1375 1145 1457 1212 duxi
1473 1167 1616 1213 mecum

383 1261 420 1328 in
435 1261 582 1330 Galliam
601 1263 624 1328 ¹.

449 1493 533 1561 180
633 1514 671 1560 ru
688 1513 838 1561 mruunu
858 1511 1168 1562 cnusnnnuousrn
1184 1515 1353 1563 rouosnu

884 1628 922 1674 ru
945 1627 1105 1676 susurru

451 1837 680 1907 Discessimus
695 1839 717 1904 6
732 1836 871 1924 Aprilis.

452 1953 567 2022 Primo
582 1952 650 2034 die,
669 1953 761 2038 quod
777 1953 842 2019 tuit
856 1953 956 2020 nobis
970 1953 1007 2019 in
1026 1952 1143 2040 pr'imis
1163 1954 1257 2037 vtile,
1280 1954 1465 2042 reperimus
1485 1955 1612 2022 mulio-

385 2091 458 2150 nes,
475 2068 535 2154 qui
546 2070 719 2137 ducebant
731 2069 940 2155 Lugdunum
953 2067 1082 2154 aliquot
1092 2069 1205 2136 mulos
1217 2081 1359 2137 onustos
1370 2070 1544 2156 argenteis
1554 2070 1611 2137 hi-

386 2183 636 2269 spaniensibus,
654 2194 690 2251 et
704 2204 764 2269 per
779 2194 913 2251 montes
928 2185 1166 2252 conduxerant
1178 2184 1384 2270 praesidium
1399 2185 1529 2270 aliquot
1543 2186 1613 2252 mi-

384 2299 483 2366 litum
499 2300 633 2365 lacham
650 2317 769 2383 vsque.

451 2412 617 2482 Venimus
629 2434 708 2479 cum
720 2413 930 2480 mulionibus
943 2415 1132 2482 Oloronum
1146 2435 1265 2500 vsque.
1275 2417 1331 2483 Ad
1344 2416 1499 2502 Syluam,
1509 2416 1610 2504 oppi-

384 2530 479 2610 dum,
501 2527 620 2597 minati
647 2539 729 2595 sunt
747 2527 910 2597 haeretici
936 2527 1084 2597 Ximeni.
1108 2527 1113 2616 Ι
1133 2530 1216 2598 Inde
1230 2531 1341 2596 coacti
1356 2553 1474 2599 sumus
1501 2532 1612 2597 multa

384 2654 487 2713 nocte
506 2643 624 2712 venire
644 2641 838 2729 Bigorram,
867 2643 926 2710 vbi
953 2665 1072 2729 parum
1099 2643 1209 2710 abfuit
1224 2645 1307 2729 quin
1334 2657 1430 2714 extra
1445 2646 1610 2733 oppidum

384 2771 475 2828 esset
494 2758 594 2826 nobis
612 2759 895 2844 pernoctandum,
913 2779 992 2824 cum
1009 2759 1167 2840 maximo,
1194 2770 1229 2826 et
1248 2759 1417 2847 periculo,
1444 2772 1480 2830 et
1500 2761 1609 2830 detri-

384 2886 514 2944 mento.
541 2873 682 2941 Fuimus
701 2872 852 2956 admissi,
872 2883 907 2941 et
928 2873 1121 2942 inuenimus
1143 2875 1328 2963 hospitium
1348 2889 1482 2962 praeter
1496 2900 1607 2964 spem.

385 2989 555 3058 Dominus
570 3010 633 3054 nos
648 2986 749 3055 iuuit.

454 3106 650 3188 Antequam
666 3102 860 3172 veniremus
880 3104 1052 3186 Tolosam,
1069 3127 1174 3190 quum
1191 3106 1422 3194 cogitaremus
1437 3097 1608 3195 Epamias,

388 3221 431 3287 ad
457 3227 606 3297 nostros,
637 3217 865 3287 intelleximus
894 3220 938 3285 ab
965 3219 1143 3288 haereticis
1174 3220 1330 3303 reiectos,
1364 3232 1399 3289 et
1425 3227 1612 3291 monachos

387 3355 518 3416 omnes,
536 3305 736 3400 et⁶nosttos

451 3512 544 3580 190
663 3492 667 3496 ’
914 3533 1079 3582 rouosau

453 3681 568 3747 Prima
582 3690 696 3762 nocte,
714 3679 902 3767 periculum
916 3704 937 3749 a
952 3682 1132 3750 caluinista
1148 3684 1318 3754 haeretice
1335 3686 1538 3773 impetuoso.

452 3797 653 3882 Reperimus
682 3817 753 3877 eos,
783 3795 842 3880 qui
867 3797 966 3864 eiecti
999 3799 1134 3866 fuerant
1161 3799 1310 3886 Epamiis
1336 3801 1371 3868 in
1401 3806 1610 3873 monasterio

386 3914 422 3982 S.
439 3911 567 3981 Mariae
581 3914 788 3980 Deauratae.
807 3911 965 3993 Visitaui,
984 3924 1047 3981 ete

451 4027 518 4114 Egi
533 4047 612 4094 cum
627 4027 801 4112 Delpeche
822 4037 857 4094 et
878 4027 952 4095 aliis
972 4028 1139 4114 primariis
1158 4032 1403 4101 mercatoribus
1422 4035 1466 4103 de
1487 4037 1612 4102 funda-

386 4142 479 4210 tione
494 4140 644 4230 collegii,
662 4161 731 4226 qua
745 4140 790 4208 de
806 4163 842 4209 re
863 4143 979 4228 accepi
999 4143 1114 4212 literas
1135 4146 1178 4212 ad
1198 4147 1403 4214 cardinalem
1425 4151 1612 4238 Armigna-

383 4279 473 4326 cum.
490 4259 714 4346 lncoeperant
728 4255 795 4324 iam
807 4259 921 4326 furere
937 4258 1139 4329 caluinistae
1156 4263 1180 4328 ¹.

439 4529 969 4604 *Nilscrip'umestiufol.188v.
1378 4587 1380 4594 ,
1451 4609 1454 4618 γ

438 4623 450 4656 ¹
486 4619 681 4690 Sacclmtoe,
694 4620 750 4679 loc.
765 4620 835 4690 cit.,
848 4639 878 4676 u.
890 4620 937 4690 65.
951 4619 1001 4679 Nil
1013 4623 1043 4679 in
1056 4624 1107 4679 fol.
1124 4635 1174 4694 190
1187 4642 1215 4681 v.
1230 4626 1370 4698 scriptum
1384 4637 1443 4685 est.
