<?xml version="1.0" encoding="UTF-8"?>
<!DOCTYPE html PUBLIC "-//W3C//DTD XHTML 1.0 Transitional//EN"
    "http://www.w3.org/TR/xhtml1/DTD/xhtml1-transitional.dtd">
<html xmlns="http://www.w3.org/1999/xhtml" xml:lang="en" lang="en">
 <head>
  <title>
</title>
<meta http-equiv="Content-Type" content="text/html;charset=utf-8" />
  <meta name='ocr-system' content='tesseract 3.04.00' />
  <meta name='ocr-capabilities' content='ocr_page ocr_carea ocr_par ocr_line ocrx_word'/>
</head>
<body>
  <div class='ocr_page' id='page_1' title='image "./epistolaephiero00nadagoog_0490.png"; bbox 0 0 3504 5386; ppageno 0'>
   <div class='ocr_carea' id='block_1_1' title="bbox 579 541 905 612">
    <p class='ocr_par' dir='ltr' id='par_1_1' title="bbox 579 541 905 612">
     <span class='ocr_line' id='line_1_1' title="bbox 579 541 905 612; baseline 0.003 -16"><span class='ocrx_word' id='word_1_1' title='bbox 579 554 610 612; x_wconf 84' lang='lat'>15</span> <span class='ocrx_word' id='word_1_2' title='bbox 630 541 816 598; x_wconf 79' lang='lat' dir='ltr'>Novuunms</span> <span class='ocrx_word' id='word_1_3' title='bbox 838 541 905 612; x_wconf 77' lang='lat'>¹5⁶3</span> 
     </span>
    </p>
   </div>
   <div class='ocr_carea' id='block_1_2' title="bbox 482 801 996 998">
    <p class='ocr_par' dir='ltr' id='par_1_2' title="bbox 482 801 996 998">
     <span class='ocr_line' id='line_1_2' title="bbox 692 801 784 865; baseline 0 0"><span class='ocrx_word' id='word_1_4' title='bbox 692 801 784 865; x_wconf 68' lang='lat'>88³</span> 
     </span>
     <span class='ocr_line' id='line_1_3' title="bbox 482 925 996 998; baseline 0.01 -17"><span class='ocrx_word' id='word_1_5' title='bbox 482 927 515 981; x_wconf 81' lang='lat' dir='ltr'><strong>P.</strong></span> <span class='ocrx_word' id='word_1_6' title='bbox 535 925 716 998; x_wconf 70' lang='lat' dir='ltr'>joannos</span> <span class='ocrx_word' id='word_1_7' title='bbox 735 928 788 982; x_wconf 79' lang='lat' dir='ltr'>nu</span> <span class='ocrx_word' id='word_1_8' title='bbox 806 927 996 986; x_wconf 74' lang='lat' dir='ltr'>pouunco</span> 
     </span>
    </p>
   </div>
   <div class='ocr_carea' id='block_1_3' title="bbox 610 1044 902 1100">
    <p class='ocr_par' dir='ltr' id='par_1_3' title="bbox 610 1044 902 1100">
     <span class='ocr_line' id='line_1_4' title="bbox 610 1044 902 1100; baseline 0.003 -1"><span class='ocrx_word' id='word_1_9' title='bbox 610 1061 647 1099; x_wconf 85' lang='lat' dir='ltr'>ex</span> <span class='ocrx_word' id='word_1_10' title='bbox 665 1044 871 1100; x_wconf 82' lang='lat' dir='ltr'>commissione</span> <span class='ocrx_word' id='word_1_11' title='bbox 897 1044 902 1051; x_wconf 87' lang='lat'>&#39;</span> 
     </span>
    </p>
   </div>
   <div class='ocr_carea' id='block_1_4' title="bbox 323 1171 1159 1241">
    <p class='ocr_par' dir='ltr' id='par_1_4' title="bbox 323 1171 1159 1241">
     <span class='ocr_line' id='line_1_5' title="bbox 323 1171 1159 1241; baseline -0.002 -1"><span class='ocrx_word' id='word_1_12' title='bbox 323 1173 507 1241; x_wconf 86' lang='lat' dir='ltr'><strong>PATRI</strong></span> <span class='ocrx_word' id='word_1_13' title='bbox 543 1171 915 1238; x_wconf 88' lang='lat' dir='ltr'><strong>HIERONYM&#39;O</strong></span> <span class='ocrx_word' id='word_1_14' title='bbox 950 1172 1159 1241; x_wconf 81' lang='lat' dir='ltr'>NADAL</span> 
     </span>
    </p>
   </div>
   <div class='ocr_carea' id='block_1_5' title="bbox 458 1311 1025 1381">
    <p class='ocr_par' dir='ltr' id='par_1_5' title="bbox 458 1311 1025 1381">
     <span class='ocr_line' id='line_1_6' title="bbox 458 1311 1025 1381; baseline -0.005 -11"><span class='ocrx_word' id='word_1_15' title='bbox 458 1325 619 1380; x_wconf 77' lang='lat' dir='ltr'>rumam-r,</span> <span class='ocrx_word' id='word_1_16' title='bbox 647 1324 678 1380; x_wconf 84' lang='lat'>15</span> <span class='ocrx_word' id='word_1_17' title='bbox 704 1325 884 1369; x_wconf 80' lang='lat' dir='ltr'>uovuuaurs</span> <span class='ocrx_word' id='word_1_18' title='bbox 912 1311 980 1381; x_wconf 84' lang='lat'>1563</span> <span class='ocrx_word' id='word_1_19' title='bbox 1004 1316 1025 1367; x_wconf 86' lang='lat'><strong>¹.</strong></span> 
     </span>
    </p>
   </div>
   <div class='ocr_carea' id='block_1_6' title="bbox 129 1438 1353 1600">
    <p class='ocr_par' dir='ltr' id='par_1_6' title="bbox 129 1438 1353 1600">
     <span class='ocr_line' id='line_1_7' title="bbox 129 1438 1352 1510; baseline -0.004 -10"><span class='ocrx_word' id='word_1_20' title='bbox 129 1459 156 1500; x_wconf 90' lang='lat'><strong>1.</strong></span> <span class='ocrx_word' id='word_1_21' title='bbox 172 1447 216 1502; x_wconf 79' lang='lat' dir='ltr'>De</span> <span class='ocrx_word' id='word_1_22' title='bbox 230 1446 271 1499; x_wconf 89' lang='lat' dir='ltr'>P.</span> <span class='ocrx_word' id='word_1_23' title='bbox 292 1441 432 1498; x_wconf 75' lang='lat' dir='ltr'>Hurtodo</span> <span class='ocrx_word' id='word_1_24' title='bbox 446 1441 553 1494; x_wconf 77' lang='lat' dir='ltr'>Perea.</span> <span class='ocrx_word' id='word_1_25' title='bbox 564 1453 623 1493; x_wconf 84' lang='lat'><strong>-2.</strong></span> <span class='ocrx_word' id='word_1_26' title='bbox 642 1439 691 1494; x_wconf 83' lang='lat' dir='ltr'>An</span> <span class='ocrx_word' id='word_1_27' title='bbox 705 1439 836 1492; x_wconf 77' lang='lat' dir='ltr'><strong><em>rhetores</em></strong></span> <span class='ocrx_word' id='word_1_28' title='bbox 849 1438 1044 1510; x_wconf 76' lang='lat' dir='ltr'>oenipontam&#39;</span> <span class='ocrx_word' id='word_1_29' title='bbox 1062 1439 1251 1494; x_wconf 78' lang='lat' dir='ltr'>dialecticam</span> <span class='ocrx_word' id='word_1_30' title='bbox 1265 1441 1352 1495; x_wconf 79' lang='lat' dir='ltr'>audi-</span> 
     </span>
     <span class='ocr_line' id='line_1_8' title="bbox 177 1527 1353 1600; baseline -0.003 -12"><span class='ocrx_word' id='word_1_31' title='bbox 177 1536 242 1590; x_wconf 84' lang='lat' dir='ltr'>turi</span> <span class='ocrx_word' id='word_1_32' title='bbox 254 1535 317 1588; x_wconf 80' lang='lat' dir='ltr'>sint</span> <span class='ocrx_word' id='word_1_33' title='bbox 336 1534 476 1588; x_wconf 80' lang='lat' dir='ltr'>decernat</span> <span class='ocrx_word' id='word_1_34' title='bbox 494 1527 700 1596; x_wconf 62' lang='lat' dir='ltr'>Natalia-3.</span> <span class='ocrx_word' id='word_1_35' title='bbox 720 1528 807 1582; x_wconf 80' lang='lat' dir='ltr'>Petri</span> <span class='ocrx_word' id='word_1_36' title='bbox 823 1529 859 1582; x_wconf 83' lang='lat' dir='ltr'>de</span> <span class='ocrx_word' id='word_1_37' title='bbox 877 1527 988 1582; x_wconf 71' lang='lat' dir='ltr'>zaran</span> <span class='ocrx_word' id='word_1_38' title='bbox 1006 1532 1034 1582; x_wconf 82' lang='lat' dir='ltr'>et</span> <span class='ocrx_word' id='word_1_39' title='bbox 1051 1530 1179 1584; x_wconf 75' lang='lat' dir='ltr'><strong><em>Antonii</em></strong></span> <span class='ocrx_word' id='word_1_40' title='bbox 1198 1527 1353 1600; x_wconf 78' lang='lat' dir='ltr'>Claysonii</span> 
     </span>
    </p>
   </div>
   <div class='ocr_carea' id='block_1_7' title="bbox 180 1625 291 1678">
    <p class='ocr_par' dir='ltr' id='par_1_7' title="bbox 180 1625 291 1678">
     <span class='ocr_line' id='line_1_9' title="bbox 180 1625 291 1678; baseline 0 0"><span class='ocrx_word' id='word_1_41' title='bbox 180 1625 291 1678; x_wconf 64' lang='lat' dir='ltr'>opines.</span> 
     </span>
    </p>
   </div>
   <div class='ocr_carea' id='block_1_8' title="bbox 130 1743 1416 2520">
    <p class='ocr_par' dir='ltr' id='par_1_8' title="bbox 130 1743 1349 2060">
     <span class='ocr_line' id='line_1_10' title="bbox 197 1743 1349 1832; baseline -0.003 -16"><span class='ocrx_word' id='word_1_42' title='bbox 197 1769 225 1816; x_wconf 90' lang='lat'><strong>1.</strong></span> <span class='ocrx_word' id='word_1_43' title='bbox 276 1749 367 1832; x_wconf 77' lang='lat' dir='ltr'>Aqui</span> <span class='ocrx_word' id='word_1_44' title='bbox 384 1767 430 1811; x_wconf 91' lang='lat' dir='ltr'>ua</span> <span class='ocrx_word' id='word_1_45' title='bbox 446 1765 514 1809; x_wconf 93' lang='lat' dir='ltr'>una</span> <span class='ocrx_word' id='word_1_46' title='bbox 529 1745 615 1810; x_wconf 85' lang='lat' dir='ltr'>letra</span> <span class='ocrx_word' id='word_1_47' title='bbox 627 1744 681 1810; x_wconf 90' lang='lat' dir='ltr'>del</span> <span class='ocrx_word' id='word_1_48' title='bbox 696 1745 734 1808; x_wconf 89' lang='lat' dir='ltr'>P.</span> <span class='ocrx_word' id='word_1_49' title='bbox 752 1743 882 1810; x_wconf 91' lang='lat' dir='ltr'>Urtado</span> <span class='ocrx_word' id='word_1_50' title='bbox 895 1744 919 1808; x_wconf 78' lang='lat'><strong>⁸.</strong></span> <span class='ocrx_word' id='word_1_51' title='bbox 936 1743 1031 1809; x_wconf 91' lang='lat' dir='ltr'>Veda</span> <span class='ocrx_word' id='word_1_52' title='bbox 1043 1765 1106 1810; x_wconf 88' lang='lat' dir='ltr'>sua</span> <span class='ocrx_word' id='word_1_53' title='bbox 1117 1743 1349 1827; x_wconf 88' lang='lat' dir='ltr'>inclinatione;</span> 
     </span>
     <span class='ocr_line' id='line_1_11' title="bbox 130 1857 1349 1950; baseline -0.006 -17"><span class='ocrx_word' id='word_1_54' title='bbox 130 1887 194 1950; x_wconf 85' lang='lat' dir='ltr'>con</span> <span class='ocrx_word' id='word_1_55' title='bbox 210 1875 333 1950; x_wconf 90' lang='lat' dir='ltr'>questo</span> <span class='ocrx_word' id='word_1_56' title='bbox 349 1861 406 1948; x_wconf 78' lang='lat' dir='ltr'>gia</span> <span class='ocrx_word' id='word_1_57' title='bbox 421 1859 533 1946; x_wconf 87' lang='lat' dir='ltr'>potria</span> <span class='ocrx_word' id='word_1_58' title='bbox 549 1880 662 1940; x_wconf 83' lang='lat' dir='ltr'>essere</span> <span class='ocrx_word' id='word_1_59' title='bbox 678 1861 742 1924; x_wconf 89' lang='lat' dir='ltr'>che</span> <span class='ocrx_word' id='word_1_60' title='bbox 759 1858 896 1945; x_wconf 85' lang='lat' dir='ltr'>Dilinga</span> <span class='ocrx_word' id='word_1_61' title='bbox 913 1880 980 1924; x_wconf 92' lang='lat' dir='ltr'>non</span> <span class='ocrx_word' id='word_1_62' title='bbox 994 1857 1017 1924; x_wconf 94' lang='lat' dir='ltr'>li</span> <span class='ocrx_word' id='word_1_63' title='bbox 1030 1858 1111 1926; x_wconf 85' lang='lat' dir='ltr'>sossi</span> <span class='ocrx_word' id='word_1_64' title='bbox 1124 1880 1243 1926; x_wconf 91' lang='lat' dir='ltr'>menos</span> <span class='ocrx_word' id='word_1_65' title='bbox 1254 1882 1349 1927; x_wconf 89' lang='lat' dir='ltr'>sana.</span> 
     </span>
     <span class='ocr_line' id='line_1_12' title="bbox 134 1973 1016 2060; baseline -0.009 -12"><span class='ocrx_word' id='word_1_66' title='bbox 134 1984 173 2048; x_wconf 95' lang='lat' dir='ltr'>V.</span> <span class='ocrx_word' id='word_1_67' title='bbox 192 1983 233 2048; x_wconf 92' lang='lat' dir='ltr'><strong>R.</strong></span> <span class='ocrx_word' id='word_1_68' title='bbox 254 1980 380 2045; x_wconf 81' lang='lat' dir='ltr'>uedera</span> <span class='ocrx_word' id='word_1_69' title='bbox 396 1985 430 2043; x_wconf 90' lang='lat' dir='ltr'>et</span> <span class='ocrx_word' id='word_1_70' title='bbox 448 1974 519 2041; x_wconf 78' lang='lat' dir='ltr'>fara</span> <span class='ocrx_word' id='word_1_71' title='bbox 534 1975 613 2059; x_wconf 89' lang='lat' dir='ltr'>quel</span> <span class='ocrx_word' id='word_1_72' title='bbox 629 1975 693 2040; x_wconf 90' lang='lat' dir='ltr'>che</span> <span class='ocrx_word' id='word_1_73' title='bbox 709 1974 835 2060; x_wconf 81' lang='lat' dir='ltr'>meglio</span> <span class='ocrx_word' id='word_1_74' title='bbox 849 1973 874 2038; x_wconf 92' lang='lat' dir='ltr'>li</span> <span class='ocrx_word' id='word_1_75' title='bbox 886 1977 1016 2059; x_wconf 78' lang='lat' dir='ltr'>patera.</span> 
     </span>
    </p>

    <p class='ocr_par' dir='ltr' id='par_1_9' title="bbox 131 2087 1416 2520">
     <span class='ocr_line' id='line_1_13' title="bbox 196 2087 1354 2176; baseline -0.003 -14"><span class='ocrx_word' id='word_1_76' title='bbox 196 2115 227 2162; x_wconf 84' lang='lat'><strong>2.</strong></span> <span class='ocrx_word' id='word_1_77' title='bbox 277 2095 330 2160; x_wconf 92' lang='lat' dir='ltr'>De</span> <span class='ocrx_word' id='word_1_78' title='bbox 347 2094 463 2176; x_wconf 90' lang='lat' dir='ltr'>lspruc</span> <span class='ocrx_word' id='word_1_79' title='bbox 478 2089 642 2155; x_wconf 91' lang='lat' dir='ltr'>dubitano</span> <span class='ocrx_word' id='word_1_80' title='bbox 658 2111 695 2155; x_wconf 86' lang='lat' dir='ltr'>se</span> <span class='ocrx_word' id='word_1_81' title='bbox 714 2088 737 2153; x_wconf 93' lang='lat' dir='ltr'>li</span> <span class='ocrx_word' id='word_1_82' title='bbox 755 2087 904 2155; x_wconf 86' lang='lat' dir='ltr'>rettorici</span> <span class='ocrx_word' id='word_1_83' title='bbox 926 2089 1032 2154; x_wconf 87' lang='lat' dir='ltr'>nostri</span> <span class='ocrx_word' id='word_1_84' title='bbox 1052 2089 1238 2157; x_wconf 87' lang='lat' dir='ltr'>doueriano</span> <span class='ocrx_word' id='word_1_85' title='bbox 1257 2090 1354 2159; x_wconf 86' lang='lat' dir='ltr'>udire</span> 
     </span>
     <span class='ocr_line' id='line_1_14' title="bbox 132 2202 1353 2291; baseline -0.006 -13"><span class='ocrx_word' id='word_1_86' title='bbox 132 2213 162 2278; x_wconf 93' lang='lat' dir='ltr'>la</span> <span class='ocrx_word' id='word_1_87' title='bbox 181 2209 330 2278; x_wconf 89' lang='lat' dir='ltr'>lectione</span> <span class='ocrx_word' id='word_1_88' title='bbox 354 2207 397 2272; x_wconf 88' lang='lat' dir='ltr'>de</span> <span class='ocrx_word' id='word_1_89' title='bbox 420 2203 613 2284; x_wconf 86' lang='lat' dir='ltr'>dialectica,</span> <span class='ocrx_word' id='word_1_90' title='bbox 636 2214 671 2269; x_wconf 88' lang='lat' dir='ltr'>et</span> <span class='ocrx_word' id='word_1_91' title='bbox 695 2226 774 2288; x_wconf 88' lang='lat' dir='ltr'>pare</span> <span class='ocrx_word' id='word_1_92' title='bbox 797 2225 834 2270; x_wconf 88' lang='lat' dir='ltr'>se</span> <span class='ocrx_word' id='word_1_93' title='bbox 858 2202 984 2270; x_wconf 88' lang='lat' dir='ltr'>inclina</span> <span class='ocrx_word' id='word_1_94' title='bbox 1005 2205 1029 2270; x_wconf 93' lang='lat' dir='ltr'>il</span> <span class='ocrx_word' id='word_1_95' title='bbox 1053 2215 1159 2274; x_wconf 87' lang='lat' dir='ltr'>rettor</span> <span class='ocrx_word' id='word_1_96' title='bbox 1179 2227 1198 2270; x_wconf 94' lang='lat' dir='ltr'>a</span> <span class='ocrx_word' id='word_1_97' title='bbox 1219 2205 1353 2291; x_wconf 83' lang='lat' dir='ltr'>farglila</span> 
     </span>
     <span class='ocr_line' id='line_1_15' title="bbox 134 2319 1352 2411; baseline -0.007 -18"><span class='ocrx_word' id='word_1_98' title='bbox 134 2327 224 2393; x_wconf 82' lang='lat' dir='ltr'>odire</span> <span class='ocrx_word' id='word_1_99' title='bbox 241 2344 302 2411; x_wconf 88' lang='lat' dir='ltr'>per</span> <span class='ocrx_word' id='word_1_100' title='bbox 316 2323 391 2388; x_wconf 90' lang='lat' dir='ltr'>loro</span> <span class='ocrx_word' id='word_1_101' title='bbox 405 2319 624 2386; x_wconf 85' lang='lat' dir='ltr'>inclinatione</span> <span class='ocrx_word' id='word_1_102' title='bbox 646 2328 680 2385; x_wconf 88' lang='lat' dir='ltr'>et</span> <span class='ocrx_word' id='word_1_103' title='bbox 700 2319 902 2403; x_wconf 86' lang='lat' dir='ltr'>aptitudine,</span> <span class='ocrx_word' id='word_1_104' title='bbox 920 2330 955 2384; x_wconf 87' lang='lat' dir='ltr'>et</span> <span class='ocrx_word' id='word_1_105' title='bbox 977 2321 1102 2405; x_wconf 73' lang='lat' dir='ltr'>perche</span> <span class='ocrx_word' id='word_1_106' title='bbox 1123 2323 1236 2387; x_wconf 90' lang='lat' dir='ltr'>hanno</span> <span class='ocrx_word' id='word_1_107' title='bbox 1257 2320 1352 2386; x_wconf 90' lang='lat' dir='ltr'>udito</span> 
     </span>
     <span class='ocr_line' id='line_1_16' title="bbox 131 2433 1416 2520; baseline -0.008 -11"><span class='ocrx_word' id='word_1_108' title='bbox 131 2437 205 2509; x_wconf 86' lang='lat' dir='ltr'>tutt&#39;i</span> <span class='ocrx_word' id='word_1_109' title='bbox 221 2443 255 2508; x_wconf 94' lang='lat' dir='ltr'>la</span> <span class='ocrx_word' id='word_1_110' title='bbox 273 2437 467 2506; x_wconf 90' lang='lat' dir='ltr'>retthorica.</span> <span class='ocrx_word' id='word_1_111' title='bbox 487 2436 529 2502; x_wconf 92' lang='lat' dir='ltr'>V.</span> <span class='ocrx_word' id='word_1_112' title='bbox 550 2436 591 2502; x_wconf 92' lang='lat' dir='ltr'><strong>R.</strong></span> <span class='ocrx_word' id='word_1_113' title='bbox 610 2433 632 2498; x_wconf 90' lang='lat' dir='ltr'>li</span> <span class='ocrx_word' id='word_1_114' title='bbox 649 2434 810 2513; x_wconf 77' lang='lat' dir='ltr'>scriuera,</span> <span class='ocrx_word' id='word_1_115' title='bbox 830 2457 851 2500; x_wconf 92' lang='lat' dir='ltr'>o</span> <span class='ocrx_word' id='word_1_116' title='bbox 868 2433 903 2498; x_wconf 92' lang='lat' dir='ltr'>in</span> <span class='ocrx_word' id='word_1_117' title='bbox 916 2435 1087 2520; x_wconf 86' lang='lat' dir='ltr'>presentia</span> <span class='ocrx_word' id='word_1_118' title='bbox 1098 2434 1257 2503; x_wconf 75' lang='lat' dir='ltr'>ordinaria</span> <span class='ocrx_word' id='word_1_119' title='bbox 1273 2436 1351 2519; x_wconf 82' lang='lat' dir='ltr'>quel</span> <span class='ocrx_word' id='word_1_120' title='bbox 1410 2456 1416 2465; x_wconf 93' lang='lat'><em>·</em></span> 
     </span>
    </p>
   </div>
   <div class='ocr_carea' id='block_1_9' title="bbox 130 2556 341 2642">
    <p class='ocr_par' dir='ltr' id='par_1_10' title="bbox 130 2556 341 2642">
     <span class='ocr_line' id='line_1_17' title="bbox 130 2556 341 2642; baseline -0.019 -19"><span class='ocrx_word' id='word_1_121' title='bbox 130 2561 190 2626; x_wconf 89' lang='lat' dir='ltr'>che</span> <span class='ocrx_word' id='word_1_122' title='bbox 205 2556 228 2623; x_wconf 90' lang='lat' dir='ltr'>li</span> <span class='ocrx_word' id='word_1_123' title='bbox 248 2575 341 2642; x_wconf 89' lang='lat' dir='ltr'>pare.</span> 
     </span>
    </p>
   </div>
   <div class='ocr_carea' id='block_1_10' title="bbox 131 2641 1352 2985">
    <p class='ocr_par' dir='ltr' id='par_1_11' title="bbox 131 2641 1352 2985">
     <span class='ocr_line' id='line_1_18' title="bbox 192 2641 1352 2758; baseline -0.005 -20"><span class='ocrx_word' id='word_1_124' title='bbox 192 2694 224 2758; x_wconf 87' lang='lat'>3.</span> <span class='ocrx_word' id='word_1_125' title='bbox 275 2674 342 2737; x_wconf 88' lang='lat' dir='ltr'>Per</span> <span class='ocrx_word' id='word_1_126' title='bbox 357 2669 477 2735; x_wconf 87' lang='lat' dir='ltr'>lettere</span> <span class='ocrx_word' id='word_1_127' title='bbox 493 2665 528 2731; x_wconf 91' lang='lat' dir='ltr'>di</span> <span class='ocrx_word' id='word_1_128' title='bbox 544 2667 652 2732; x_wconf 91' lang='lat' dir='ltr'>Roma</span> <span class='ocrx_word' id='word_1_129' title='bbox 667 2663 696 2730; x_wconf 88' lang='lat' dir='ltr'>si</span> <span class='ocrx_word' id='word_1_130' title='bbox 712 2667 731 2732; x_wconf 79' lang='grc' dir='ltr'>ἑ</span> <span class='ocrx_word' id='word_1_131' title='bbox 747 2665 858 2732; x_wconf 86' lang='lat' dir='ltr'>inteso</span> <span class='ocrx_word' id='word_1_132' title='bbox 877 2641 940 2731; x_wconf 81' lang='lat' dir='ltr'>che</span> <span class='ocrx_word' id='word_1_133' title='bbox 961 2665 984 2732; x_wconf 95' lang='lat' dir='ltr'>il</span> <span class='ocrx_word' id='word_1_134' title='bbox 1007 2667 1061 2734; x_wconf 68' lang='lat' dir='ltr'>Ss</span> <span class='ocrx_word' id='word_1_135' title='bbox 1085 2665 1200 2733; x_wconf 87' lang='lat' dir='ltr'>Pietro</span> <span class='ocrx_word' id='word_1_136' title='bbox 1220 2667 1263 2732; x_wconf 88' lang='lat' dir='ltr'>de</span> <span class='ocrx_word' id='word_1_137' title='bbox 1283 2667 1352 2753; x_wconf 78' lang='lat' dir='ltr'>Ca-</span> 
     </span>
     <span class='ocr_line' id='line_1_19' title="bbox 131 2780 1352 2867; baseline -0.005 -14"><span class='ocrx_word' id='word_1_138' title='bbox 131 2799 214 2856; x_wconf 82' lang='lat' dir='ltr'>ratte</span> <span class='ocrx_word' id='word_1_139' title='bbox 229 2797 329 2854; x_wconf 89' lang='lat' dir='ltr'>staua</span> <span class='ocrx_word' id='word_1_140' title='bbox 345 2785 383 2849; x_wconf 82' lang='lat' dir='ltr'>in</span> <span class='ocrx_word' id='word_1_141' title='bbox 399 2784 561 2849; x_wconf 80' lang='lat' dir='ltr'>extremis</span> <span class='ocrx_word' id='word_1_142' title='bbox 575 2780 612 2846; x_wconf 91' lang='lat' dir='ltr'>in</span> <span class='ocrx_word' id='word_1_143' title='bbox 627 2781 773 2848; x_wconf 89' lang='lat' dir='ltr'>Genoua</span> <span class='ocrx_word' id='word_1_144' title='bbox 789 2783 813 2860; x_wconf 81' lang='lat'>⁸,</span> <span class='ocrx_word' id='word_1_145' title='bbox 832 2792 866 2848; x_wconf 90' lang='lat' dir='ltr'>et</span> <span class='ocrx_word' id='word_1_146' title='bbox 883 2783 991 2849; x_wconf 87' lang='lat' dir='ltr'>anche</span> <span class='ocrx_word' id='word_1_147' title='bbox 1004 2781 1071 2851; x_wconf 87' lang='lat' dir='ltr'><strong>M.⁰</strong></span> <span class='ocrx_word' id='word_1_148' title='bbox 1084 2781 1236 2849; x_wconf 87' lang='lat' dir='ltr'>Antonio</span> <span class='ocrx_word' id='word_1_149' title='bbox 1249 2783 1352 2867; x_wconf 83' lang='lat' dir='ltr'>Clay-</span> 
     </span>
     <span class='ocr_line' id='line_1_20' title="bbox 131 2879 1351 2985; baseline -0.007 -15"><span class='ocrx_word' id='word_1_150' title='bbox 131 2903 224 2970; x_wconf 82' lang='lat' dir='ltr'>sonio</span> <span class='ocrx_word' id='word_1_151' title='bbox 248 2901 285 2966; x_wconf 92' lang='lat' dir='ltr'>in</span> <span class='ocrx_word' id='word_1_152' title='bbox 302 2879 439 2985; x_wconf 79' lang='lat' dir='ltr'>¹Napoli,</span> <span class='ocrx_word' id='word_1_153' title='bbox 463 2898 552 2962; x_wconf 88' lang='lat' dir='ltr'>doue</span> <span class='ocrx_word' id='word_1_154' title='bbox 575 2895 604 2961; x_wconf 87' lang='lat' dir='ltr'>si</span> <span class='ocrx_word' id='word_1_155' title='bbox 626 2916 684 2962; x_wconf 87' lang='lat' dir='ltr'>era</span> <span class='ocrx_word' id='word_1_156' title='bbox 705 2897 865 2962; x_wconf 89' lang='lat' dir='ltr'>mandato</span> <span class='ocrx_word' id='word_1_157' title='bbox 885 2919 945 2982; x_wconf 87' lang='lat' dir='ltr'>per</span> <span class='ocrx_word' id='word_1_158' title='bbox 966 2899 1107 2983; x_wconf 85' lang='lat' dir='ltr'>leggere</span> <span class='ocrx_word' id='word_1_159' title='bbox 1127 2898 1160 2962; x_wconf 90' lang='lat' dir='ltr'>la</span> <span class='ocrx_word' id='word_1_160' title='bbox 1180 2896 1351 2978; x_wconf 90' lang='lat' dir='ltr'>rettorica,</span> 
     </span>
    </p>
   </div>
   <div class='ocr_carea' id='block_1_11' title="bbox 29 3149 1354 4834">
    <p class='ocr_par' dir='ltr' id='par_1_12' title="bbox 128 3149 1354 3762">
     <span class='ocr_line' id='line_1_21' title="bbox 181 3149 1353 3226; baseline -0.001 -14"><span class='ocrx_word' id='word_1_161' title='bbox 181 3165 188 3195; x_wconf 80' lang='lat'><strong>¹</strong></span> <span class='ocrx_word' id='word_1_162' title='bbox 228 3159 273 3213; x_wconf 86' lang='lat' dir='ltr'>Ex</span> <span class='ocrx_word' id='word_1_163' title='bbox 291 3157 432 3226; x_wconf 88' lang='lat' dir='ltr'>Regesto,</span> <span class='ocrx_word' id='word_1_164' title='bbox 450 3153 525 3208; x_wconf 85' lang='lat' dir='ltr'>Cod.</span> <span class='ocrx_word' id='word_1_165' title='bbox 545 3167 577 3222; x_wconf 80' lang='lat'>33</span> <span class='ocrx_word' id='word_1_166' title='bbox 595 3153 643 3223; x_wconf 87' lang='lat' dir='ltr'>d),</span> <span class='ocrx_word' id='word_1_167' title='bbox 664 3152 717 3207; x_wconf 88' lang='lat' dir='ltr'>fol.</span> <span class='ocrx_word' id='word_1_168' title='bbox 740 3149 805 3220; x_wconf 86' lang='lat'><strong>370.</strong></span> <span class='ocrx_word' id='word_1_169' title='bbox 829 3153 862 3206; x_wconf 92' lang='lat' dir='ltr'>In</span> <span class='ocrx_word' id='word_1_170' title='bbox 877 3153 1018 3224; x_wconf 85' lang='lat' dir='ltr'>margine:</span> <span class='ocrx_word' id='word_1_171' title='bbox 1042 3154 1082 3208; x_wconf 90' lang='lat' dir='ltr'>P.</span> <span class='ocrx_word' id='word_1_172' title='bbox 1099 3154 1207 3210; x_wconf 85' lang='lat' dir='ltr'>Notol.</span> <span class='ocrx_word' id='word_1_173' title='bbox 1225 3157 1292 3226; x_wconf 83' lang='lat' dir='ltr'>Qua</span> <span class='ocrx_word' id='word_1_174' title='bbox 1305 3155 1353 3211; x_wconf 90' lang='lat' dir='ltr'>die</span> 
     </span>
     <span class='ocr_line' id='line_1_22' title="bbox 130 3241 1353 3320; baseline -0.005 -16"><span class='ocrx_word' id='word_1_175' title='bbox 130 3250 197 3304; x_wconf 84' lang='lat' dir='ltr'>haec</span> <span class='ocrx_word' id='word_1_176' title='bbox 210 3247 336 3320; x_wconf 81' lang='lat' dir='ltr'>epistola</span> <span class='ocrx_word' id='word_1_177' title='bbox 350 3243 417 3312; x_wconf 75' lang='lat' dir='ltr'>data¹</span> <span class='ocrx_word' id='word_1_178' title='bbox 430 3243 479 3310; x_wconf 87' lang='lat' dir='ltr'>sit,</span> <span class='ocrx_word' id='word_1_179' title='bbox 493 3259 550 3297; x_wconf 91' lang='lat' dir='ltr'>non</span> <span class='ocrx_word' id='word_1_180' title='bbox 564 3251 680 3297; x_wconf 89' lang='lat' dir='ltr'>constat</span> <span class='ocrx_word' id='word_1_181' title='bbox 692 3241 722 3296; x_wconf 91' lang='lat' dir='ltr'>in</span> <span class='ocrx_word' id='word_1_182' title='bbox 735 3242 877 3312; x_wconf 87' lang='lat' dir='ltr'>Regesto;</span> <span class='ocrx_word' id='word_1_183' title='bbox 889 3241 952 3311; x_wconf 88' lang='lat' dir='ltr'>sed,</span> <span class='ocrx_word' id='word_1_184' title='bbox 964 3260 1030 3298; x_wconf 86' lang='lat' dir='ltr'>cum</span> <span class='ocrx_word' id='word_1_185' title='bbox 1042 3243 1119 3299; x_wconf 89' lang='lat' dir='ltr'>inter</span> <span class='ocrx_word' id='word_1_186' title='bbox 1131 3243 1244 3300; x_wconf 88' lang='lat' dir='ltr'>litteras</span> <span class='ocrx_word' id='word_1_187' title='bbox 1258 3243 1306 3299; x_wconf 91' lang='lat' dir='ltr'>die</span> <span class='ocrx_word' id='word_1_188' title='bbox 1321 3257 1353 3314; x_wconf 83' lang='lat'>15</span> 
     </span>
     <span class='ocr_line' id='line_1_23' title="bbox 129 3331 1354 3404; baseline 0 -14"><span class='ocrx_word' id='word_1_189' title='bbox 129 3337 304 3393; x_wconf 84' lang='lat' dir='ltr'>Novembris</span> <span class='ocrx_word' id='word_1_190' title='bbox 316 3335 399 3389; x_wconf 87' lang='lat' dir='ltr'>datas</span> <span class='ocrx_word' id='word_1_191' title='bbox 411 3341 610 3397; x_wconf 75' lang='lat' dir='ltr'>recenseatur,</span> <span class='ocrx_word' id='word_1_192' title='bbox 626 3331 731 3402; x_wconf 86' lang='lat' dir='ltr'>etipsa</span> <span class='ocrx_word' id='word_1_193' title='bbox 750 3331 915 3402; x_wconf 80' lang='lat' dir='ltr'>scriptionis</span> <span class='ocrx_word' id='word_1_194' title='bbox 929 3332 1021 3386; x_wconf 83' lang='lat' dir='ltr'>forma</span> <span class='ocrx_word' id='word_1_195' title='bbox 1040 3341 1070 3388; x_wconf 90' lang='lat' dir='ltr'>et</span> <span class='ocrx_word' id='word_1_196' title='bbox 1088 3333 1243 3389; x_wconf 85' lang='lat' dir='ltr'>atramenti</span> <span class='ocrx_word' id='word_1_197' title='bbox 1263 3335 1354 3404; x_wconf 88' lang='lat' dir='ltr'>color,</span> 
     </span>
     <span class='ocr_line' id='line_1_24' title="bbox 128 3421 1347 3499; baseline -0.003 -17"><span class='ocrx_word' id='word_1_198' title='bbox 128 3428 243 3499; x_wconf 84' lang='lat' dir='ltr'>quaein</span> <span class='ocrx_word' id='word_1_199' title='bbox 261 3424 320 3480; x_wconf 87' lang='lat' dir='ltr'>illis</span> <span class='ocrx_word' id='word_1_200' title='bbox 337 3422 526 3494; x_wconf 84' lang='lat' dir='ltr'>conspicitur,</span> <span class='ocrx_word' id='word_1_201' title='bbox 546 3423 577 3475; x_wconf 93' lang='lat' dir='ltr'>in</span> <span class='ocrx_word' id='word_1_202' title='bbox 594 3422 648 3474; x_wconf 91' lang='lat' dir='ltr'>hac</span> <span class='ocrx_word' id='word_1_203' title='bbox 665 3421 754 3476; x_wconf 88' lang='lat' dir='ltr'>etiam</span> <span class='ocrx_word' id='word_1_204' title='bbox 772 3430 941 3493; x_wconf 89' lang='lat' dir='ltr'>appareant;</span> <span class='ocrx_word' id='word_1_205' title='bbox 957 3422 1060 3477; x_wconf 86' lang='lat' dir='ltr'>eadem</span> <span class='ocrx_word' id='word_1_206' title='bbox 1077 3421 1125 3477; x_wconf 88' lang='lat' dir='ltr'>die</span> <span class='ocrx_word' id='word_1_207' title='bbox 1143 3439 1177 3477; x_wconf 86' lang='lat' dir='ltr'>ac</span> <span class='ocrx_word' id='word_1_208' title='bbox 1198 3423 1265 3478; x_wconf 88' lang='lat' dir='ltr'>illae</span> <span class='ocrx_word' id='word_1_209' title='bbox 1286 3441 1347 3480; x_wconf 87' lang='lat' dir='ltr'>con·</span> 
     </span>
     <span class='ocr_line' id='line_1_25' title="bbox 129 3508 1354 3588; baseline -0.002 -18"><span class='ocrx_word' id='word_1_210' title='bbox 129 3515 234 3588; x_wconf 84' lang='lat' dir='ltr'>scripta</span> <span class='ocrx_word' id='word_1_211' title='bbox 246 3512 340 3568; x_wconf 82' lang='lat' dir='ltr'>fuisse</span> <span class='ocrx_word' id='word_1_212' title='bbox 356 3511 483 3566; x_wconf 88' lang='lat' dir='ltr'>videtur.</span> <span class='ocrx_word' id='word_1_213' title='bbox 499 3513 566 3581; x_wconf 77' lang='lat' dir='ltr'>Qua</span> <span class='ocrx_word' id='word_1_214' title='bbox 578 3508 696 3581; x_wconf 88' lang='lat' dir='ltr'>quidem</span> <span class='ocrx_word' id='word_1_215' title='bbox 710 3509 758 3564; x_wconf 85' lang='lat' dir='ltr'>die</span> <span class='ocrx_word' id='word_1_216' title='bbox 768 3510 803 3564; x_wconf 94' lang='lat' dir='ltr'><strong>P.</strong></span> <span class='ocrx_word' id='word_1_217' title='bbox 819 3510 965 3565; x_wconf 88' lang='lat' dir='ltr'>Polancus</span> <span class='ocrx_word' id='word_1_218' title='bbox 975 3510 1013 3565; x_wconf 91' lang='lat' dir='ltr'>ad</span> <span class='ocrx_word' id='word_1_219' title='bbox 1025 3509 1202 3566; x_wconf 85' lang='lat' dir='ltr'>cardinalem</span> <span class='ocrx_word' id='word_1_220' title='bbox 1216 3520 1354 3583; x_wconf 84' lang='lat' dir='ltr'>augusta-</span> 
     </span>
     <span class='ocr_line' id='line_1_26' title="bbox 131 3598 1352 3676; baseline -0.003 -17"><span class='ocrx_word' id='word_1_221' title='bbox 131 3622 197 3658; x_wconf 92' lang='lat' dir='ltr'>num</span> <span class='ocrx_word' id='word_1_222' title='bbox 211 3602 397 3676; x_wconf 79' lang='lat' dir='ltr'>profecturus</span> <span class='ocrx_word' id='word_1_223' title='bbox 410 3607 484 3670; x_wconf 83' lang='lat' dir='ltr'>erat,</span> <span class='ocrx_word' id='word_1_224' title='bbox 495 3607 527 3653; x_wconf 90' lang='lat' dir='ltr'>ut</span> <span class='ocrx_word' id='word_1_225' title='bbox 539 3607 655 3654; x_wconf 82' lang='lat' dir='ltr'>constat</span> <span class='ocrx_word' id='word_1_226' title='bbox 669 3615 706 3652; x_wconf 82' lang='lat' dir='ltr'>ex</span> <span class='ocrx_word' id='word_1_227' title='bbox 719 3598 768 3669; x_wconf 82' lang='lat' dir='ltr'>iis,</span> <span class='ocrx_word' id='word_1_228' title='bbox 780 3615 856 3671; x_wconf 89' lang='lat' dir='ltr'>quae</span> <span class='ocrx_word' id='word_1_229' title='bbox 867 3599 929 3670; x_wconf 84' lang='lat' dir='ltr'>ipse</span> <span class='ocrx_word' id='word_1_230' title='bbox 939 3600 976 3653; x_wconf 88' lang='lat' dir='ltr'>ad</span> <span class='ocrx_word' id='word_1_231' title='bbox 985 3599 1022 3655; x_wconf 91' lang='lat' dir='ltr'>P.</span> <span class='ocrx_word' id='word_1_232' title='bbox 1038 3599 1150 3655; x_wconf 83' lang='lat' dir='ltr'>Madrid</span> <span class='ocrx_word' id='word_1_233' title='bbox 1160 3601 1289 3672; x_wconf 86' lang='lat' dir='ltr'>scripsit,</span> <span class='ocrx_word' id='word_1_234' title='bbox 1300 3601 1352 3656; x_wconf 90' lang='lat' dir='ltr'>sci·</span> 
     </span>
     <span class='ocr_line' id='line_1_27' title="bbox 131 3687 1353 3762; baseline -0.003 -14"><span class='ocrx_word' id='word_1_235' title='bbox 131 3693 208 3748; x_wconf 88' lang='lat' dir='ltr'>licet:</span> <span class='ocrx_word' id='word_1_236' title='bbox 223 3693 310 3748; x_wconf 76' lang='lat' dir='ltr'>«Una</span> <span class='ocrx_word' id='word_1_237' title='bbox 322 3692 396 3745; x_wconf 87' lang='lat' dir='ltr'>letra</span> <span class='ocrx_word' id='word_1_238' title='bbox 408 3705 466 3760; x_wconf 89' lang='lat' dir='ltr'>que</span> <span class='ocrx_word' id='word_1_239' title='bbox 478 3691 565 3742; x_wconf 83' lang='lat' dir='ltr'>uenia</span> <span class='ocrx_word' id='word_1_240' title='bbox 578 3704 647 3759; x_wconf 78' lang='lat' dir='ltr'>para</span> <span class='ocrx_word' id='word_1_241' title='bbox 660 3689 687 3742; x_wconf 88' lang='lat' dir='ltr'>el</span> <span class='ocrx_word' id='word_1_242' title='bbox 706 3687 742 3742; x_wconf 88' lang='lat' dir='ltr'><strong>P.</strong></span> <span class='ocrx_word' id='word_1_243' title='bbox 761 3689 800 3741; x_wconf 88' lang='lat' dir='ltr'>D.</span> <span class='ocrx_word' id='word_1_244' title='bbox 819 3687 899 3759; x_wconf 89' lang='lat' dir='ltr'>Luys</span> <span class='ocrx_word' id='word_1_245' title='bbox 917 3687 1006 3760; x_wconf 75' lang='lat' dir='ltr'>podrd</span> <span class='ocrx_word' id='word_1_246' title='bbox 1024 3705 1072 3742; x_wconf 84' lang='lat' dir='ltr'>ser</span> <span class='ocrx_word' id='word_1_247' title='bbox 1089 3691 1116 3744; x_wconf 85' lang='lat' dir='ltr'>la</span> <span class='ocrx_word' id='word_1_248' title='bbox 1134 3691 1211 3744; x_wconf 91' lang='lat' dir='ltr'>lleue</span> <span class='ocrx_word' id='word_1_249' title='bbox 1228 3707 1267 3761; x_wconf 86' lang='lat' dir='ltr'>yo</span> <span class='ocrx_word' id='word_1_250' title='bbox 1280 3706 1353 3762; x_wconf 81' lang='lat' dir='ltr'><strong>oy.»</strong></span> 
     </span>
    </p>

    <p class='ocr_par' dir='ltr' id='par_1_13' title="bbox 132 3775 632 3853">
     <span class='ocr_line' id='line_1_28' title="bbox 132 3775 632 3853; baseline -0.014 -16"><span class='ocrx_word' id='word_1_251' title='bbox 132 3783 173 3837; x_wconf 88' lang='lat' dir='ltr'>Ex</span> <span class='ocrx_word' id='word_1_252' title='bbox 185 3783 319 3853; x_wconf 81' lang='lat' dir='ltr'>Regesto</span> <span class='ocrx_word' id='word_1_253' title='bbox 334 3778 447 3842; x_wconf 86' lang='lat' dir='ltr'>eodem,</span> <span class='ocrx_word' id='word_1_254' title='bbox 462 3777 516 3832; x_wconf 84' lang='lat' dir='ltr'>fol.</span> <span class='ocrx_word' id='word_1_255' title='bbox 534 3775 588 3847; x_wconf 80' lang='lat'>369</span> <span class='ocrx_word' id='word_1_256' title='bbox 601 3794 632 3830; x_wconf 91' lang='lat' dir='ltr'><strong>v.</strong></span> 
     </span>
    </p>

    <p class='ocr_par' dir='ltr' id='par_1_14' title="bbox 29 3865 1299 3939">
     <span class='ocr_line' id='line_1_29' title="bbox 29 3865 1299 3939; baseline -0.002 -13"><span class='ocrx_word' id='word_1_257' title='bbox 29 3881 30 3886; x_wconf 76' lang='grc'>’</span> <span class='ocrx_word' id='word_1_258' title='bbox 182 3873 194 3907; x_wconf 85' lang='lat'><strong>¹</strong></span> <span class='ocrx_word' id='word_1_259' title='bbox 230 3872 268 3926; x_wconf 92' lang='lat' dir='ltr'>P.</span> <span class='ocrx_word' id='word_1_260' title='bbox 286 3867 436 3923; x_wconf 88' lang='lat' dir='ltr'>Hurtadus</span> <span class='ocrx_word' id='word_1_261' title='bbox 448 3868 551 3934; x_wconf 87' lang='lat' dir='ltr'>Perez,</span> <span class='ocrx_word' id='word_1_262' title='bbox 564 3866 602 3921; x_wconf 91' lang='lat' dir='ltr'>de</span> <span class='ocrx_word' id='word_1_263' title='bbox 615 3884 673 3939; x_wconf 90' lang='lat' dir='ltr'>quo</span> <span class='ocrx_word' id='word_1_264' title='bbox 687 3866 754 3922; x_wconf 90' lang='lat' dir='ltr'>vide</span> <span class='ocrx_word' id='word_1_265' title='bbox 766 3865 845 3920; x_wconf 89' lang='lat' dir='ltr'>dicta</span> <span class='ocrx_word' id='word_1_266' title='bbox 858 3865 887 3920; x_wconf 87' lang='lat' dir='ltr'>iu</span> <span class='ocrx_word' id='word_1_267' title='bbox 900 3866 1033 3938; x_wconf 85' lang='lat' dir='ltr'>epistolis</span> <span class='ocrx_word' id='word_1_268' title='bbox 1044 3867 1299 3939; x_wconf 78' lang='lat' dir='ltr'>praecedentibus.</span> 
     </span>
    </p>

    <p class='ocr_par' dir='ltr' id='par_1_15' title="bbox 128 3954 1354 4834">
     <span class='ocr_line' id='line_1_30' title="bbox 183 3954 1353 4029; baseline -0.001 -15"><span class='ocrx_word' id='word_1_269' title='bbox 183 3961 195 3994; x_wconf 83' lang='lat'><strong>³</strong></span> <span class='ocrx_word' id='word_1_270' title='bbox 232 3957 305 4029; x_wconf 80' lang='lat' dir='ltr'>Eius</span> <span class='ocrx_word' id='word_1_271' title='bbox 322 3956 421 4012; x_wconf 86' lang='lat' dir='ltr'>obitus</span> <span class='ocrx_word' id='word_1_272' title='bbox 438 3957 524 4028; x_wconf 84' lang='lat' dir='ltr'>paulo</span> <span class='ocrx_word' id='word_1_273' title='bbox 546 3963 613 4027; x_wconf 87' lang='lat' dir='ltr'>post</span> <span class='ocrx_word' id='word_1_274' title='bbox 634 3955 785 4010; x_wconf 87' lang='lat' dir='ltr'>nuntiatus</span> <span class='ocrx_word' id='word_1_275' title='bbox 802 3954 858 4010; x_wconf 79' lang='lat' dir='ltr'>fuit</span> <span class='ocrx_word' id='word_1_276' title='bbox 875 3955 1023 4021; x_wconf 74' lang='lat' dir='ltr'>Patribus,</span> <span class='ocrx_word' id='word_1_277' title='bbox 1036 3956 1086 4029; x_wconf 90' lang='lat' dir='ltr'>qui</span> <span class='ocrx_word' id='word_1_278' title='bbox 1098 3957 1240 4013; x_wconf 88' lang='lat' dir='ltr'>Tridento</span> <span class='ocrx_word' id='word_1_279' title='bbox 1256 3975 1353 4014; x_wconf 81' lang='lat' dir='ltr'>versa·</span> 
     </span>
     <span class='ocr_line' id='line_1_31' title="bbox 133 4042 1354 4120; baseline -0.001 -16"><span class='ocrx_word' id='word_1_280' title='bbox 133 4049 248 4120; x_wconf 80' lang='lat' dir='ltr'>bantur,</span> <span class='ocrx_word' id='word_1_281' title='bbox 262 4055 294 4102; x_wconf 85' lang='lat' dir='ltr'>et</span> <span class='ocrx_word' id='word_1_282' title='bbox 306 4045 355 4102; x_wconf 87' lang='lat' dir='ltr'>die</span> <span class='ocrx_word' id='word_1_283' title='bbox 368 4059 404 4114; x_wconf 82' lang='lat'>29</span> <span class='ocrx_word' id='word_1_284' title='bbox 417 4043 593 4100; x_wconf 87' lang='lat' dir='ltr'>Novembris</span> <span class='ocrx_word' id='word_1_285' title='bbox 614 4042 681 4111; x_wconf 86' lang='lat'>1563</span> <span class='ocrx_word' id='word_1_286' title='bbox 698 4043 843 4099; x_wconf 87' lang='lat' dir='ltr'>Polancus</span> <span class='ocrx_word' id='word_1_287' title='bbox 861 4043 1003 4100; x_wconf 86' lang='lat' dir='ltr'>Madridio</span> <span class='ocrx_word' id='word_1_288' title='bbox 1019 4046 1093 4101; x_wconf 78' lang='lat' dir='ltr'>haec</span> <span class='ocrx_word' id='word_1_289' title='bbox 1109 4046 1147 4101; x_wconf 90' lang='lat' dir='ltr'>de</span> <span class='ocrx_word' id='word_1_290' title='bbox 1164 4045 1214 4102; x_wconf 91' lang='lat' dir='ltr'>illo</span> <span class='ocrx_word' id='word_1_291' title='bbox 1232 4047 1354 4120; x_wconf 81' lang='lat' dir='ltr'>egregio</span> 
     </span>
     <span class='ocr_line' id='line_1_32' title="bbox 131 4132 1354 4206; baseline 0.002 -12"><span class='ocrx_word' id='word_1_292' title='bbox 131 4138 193 4194; x_wconf 83' lang='lat' dir='ltr'>viro</span> <span class='ocrx_word' id='word_1_293' title='bbox 205 4135 364 4193; x_wconf 83' lang='lat' dir='ltr'>referebat:</span> <span class='ocrx_word' id='word_1_294' title='bbox 379 4133 435 4190; x_wconf 73' lang='lat' dir='ltr'>«Al</span> <span class='ocrx_word' id='word_1_295' title='bbox 447 4132 541 4189; x_wconf 83' lang='lat' dir='ltr'>Sellor</span> <span class='ocrx_word' id='word_1_296' title='bbox 553 4132 648 4189; x_wconf 84' lang='lat' dir='ltr'>Pedro</span> <span class='ocrx_word' id='word_1_297' title='bbox 660 4132 697 4187; x_wconf 89' lang='lat' dir='ltr'>de</span> <span class='ocrx_word' id='word_1_298' title='bbox 711 4132 816 4204; x_wconf 74' lang='lat' dir='ltr'>Cdrate</span> <span class='ocrx_word' id='word_1_299' title='bbox 829 4133 905 4206; x_wconf 80' lang='lat' dir='ltr'>haya</span> <span class='ocrx_word' id='word_1_300' title='bbox 918 4133 1033 4190; x_wconf 83' lang='lat' dir='ltr'>lleuado</span> <span class='ocrx_word' id='word_1_301' title='bbox 1042 4135 1115 4191; x_wconf 77' lang='lat' dir='ltr'>Dios</span> <span class='ocrx_word' id='word_1_302' title='bbox 1127 4146 1247 4193; x_wconf 85' lang='lat' dir='ltr'>nuestro</span> <span class='ocrx_word' id='word_1_303' title='bbox 1260 4139 1354 4197; x_wconf 81' lang='lat' dir='ltr'>Sellor</span> 
     </span>
     <span class='ocr_line' id='line_1_33' title="bbox 129 4220 1352 4302; baseline 0.003 -20"><span class='ocrx_word' id='word_1_304' title='bbox 129 4225 251 4298; x_wconf 71' lang='lat' dir='ltr'>dmejot</span> <span class='ocrx_word' id='word_1_305' title='bbox 262 4223 344 4292; x_wconf 67' lang='lat' dir='ltr'>aidau</span> <span class='ocrx_word' id='word_1_306' title='bbox 359 4239 508 4296; x_wconf 77' lang='lat' dir='ltr'>yaunque</span> <span class='ocrx_word' id='word_1_307' title='bbox 525 4224 583 4278; x_wconf 74' lang='lat' dir='ltr'>ala</span> <span class='ocrx_word' id='word_1_308' title='bbox 601 4220 761 4294; x_wconf 76' lang='lat' dir='ltr'>Compadla</span> <span class='ocrx_word' id='word_1_309' title='bbox 780 4225 906 4278; x_wconf 74' lang='lat' dir='ltr'>tordaria</span> <span class='ocrx_word' id='word_1_310' title='bbox 926 4221 1018 4294; x_wconf 81' lang='lat' dir='ltr'>meJ&#39;or</span> <span class='ocrx_word' id='word_1_311' title='bbox 1030 4239 1082 4297; x_wconf 86' lang='lat' dir='ltr'>por</span> <span class='ocrx_word' id='word_1_312' title='bbox 1101 4233 1225 4281; x_wconf 79' lang='lat' dir='ltr'>uentura</span> <span class='ocrx_word' id='word_1_313' title='bbox 1243 4245 1301 4302; x_wconf 86' lang='lat' dir='ltr'>que</span> <span class='ocrx_word' id='word_1_314' title='bbox 1320 4247 1352 4286; x_wconf 82' lang='lat' dir='ltr'>se</span> 
     </span>
     <span class='ocr_line' id='line_1_34' title="bbox 130 4310 1352 4386; baseline 0.003 -16"><span class='ocrx_word' id='word_1_315' title='bbox 130 4315 239 4370; x_wconf 81' lang='lat' dir='ltr'>hiziese</span> <span class='ocrx_word' id='word_1_316' title='bbox 253 4315 281 4370; x_wconf 92' lang='lat' dir='ltr'>el</span> <span class='ocrx_word' id='word_1_317' title='bbox 297 4311 426 4384; x_wconf 65' lang='lat' dir='ltr'>collegio</span> <span class='ocrx_word' id='word_1_318' title='bbox 441 4329 480 4368; x_wconf 84' lang='lat' dir='ltr'>en</span> <span class='ocrx_word' id='word_1_319' title='bbox 494 4311 637 4380; x_wconf 84' lang='lat' dir='ltr'>Truxillo,</span> <span class='ocrx_word' id='word_1_320' title='bbox 650 4328 704 4382; x_wconf 87' lang='lat' dir='ltr'>por</span> <span class='ocrx_word' id='word_1_321' title='bbox 720 4328 768 4366; x_wconf 76' lang='lat' dir='ltr'>ser</span> <span class='ocrx_word' id='word_1_322' title='bbox 785 4311 873 4367; x_wconf 82' lang='lat' dir='ltr'>tierra</span> <span class='ocrx_word' id='word_1_323' title='bbox 890 4310 1031 4384; x_wconf 77' lang='lat' dir='ltr'>priucipal</span> <span class='ocrx_word' id='word_1_324' title='bbox 1049 4315 1066 4368; x_wconf 70' lang='lat' dir='ltr'>i</span> <span class='ocrx_word' id='word_1_325' title='bbox 1083 4323 1218 4386; x_wconf 77' lang='lat' dir='ltr'>respecto</span> <span class='ocrx_word' id='word_1_326' title='bbox 1230 4315 1268 4372; x_wconf 88' lang='lat' dir='ltr'>de</span> <span class='ocrx_word' id='word_1_327' title='bbox 1281 4317 1352 4374; x_wconf 78' lang='lat' dir='ltr'>Gar-</span> 
     </span>
     <span class='ocr_line' id='line_1_35' title="bbox 128 4398 1352 4482; baseline 0.004 -24"><span class='ocrx_word' id='word_1_328' title='bbox 128 4406 202 4474; x_wconf 86' lang='lat' dir='ltr'>claz,</span> <span class='ocrx_word' id='word_1_329' title='bbox 215 4401 346 4469; x_wconf 83' lang='lat' dir='ltr'>todaula,</span> <span class='ocrx_word' id='word_1_330' title='bbox 360 4399 493 4456; x_wconf 79' lang='lat' dir='ltr'>mirando</span> <span class='ocrx_word' id='word_1_331' title='bbox 504 4402 533 4456; x_wconf 77' lang='lat' dir='ltr'>la</span> <span class='ocrx_word' id='word_1_332' title='bbox 544 4400 694 4457; x_wconf 81' lang='lat' dir='ltr'>intencidn</span> <span class='ocrx_word' id='word_1_333' title='bbox 707 4399 755 4456; x_wconf 90' lang='lat' dir='ltr'>del</span> <span class='ocrx_word' id='word_1_334' title='bbox 767 4398 911 4473; x_wconf 81' lang='lat' dir='ltr'>diiuncto,</span> <span class='ocrx_word' id='word_1_335' title='bbox 924 4419 945 4472; x_wconf 84' lang='lat' dir='ltr'><strong>y</strong></span> <span class='ocrx_word' id='word_1_336' title='bbox 956 4417 1015 4473; x_wconf 87' lang='lat' dir='ltr'>que</span> <span class='ocrx_word' id='word_1_337' title='bbox 1027 4417 1067 4458; x_wconf 87' lang='lat' dir='ltr'>no</span> <span class='ocrx_word' id='word_1_338' title='bbox 1083 4419 1188 4475; x_wconf 84' lang='lat' dir='ltr'>parece</span> <span class='ocrx_word' id='word_1_339' title='bbox 1202 4405 1352 4482; x_wconf 79' lang='lat' dir='ltr'>justoque</span> 
     </span>
     <span class='ocr_line' id='line_1_36' title="bbox 130 4488 1353 4568; baseline 0.003 -20"><span class='ocrx_word' id='word_1_340' title='bbox 130 4509 265 4565; x_wconf 81' lang='lat' dir='ltr'>seseque</span> <span class='ocrx_word' id='word_1_341' title='bbox 279 4493 307 4547; x_wconf 77' lang='lat' dir='ltr'>ln</span> <span class='ocrx_word' id='word_1_342' title='bbox 319 4497 402 4546; x_wconf 84' lang='lat' dir='ltr'>reuta</span> <span class='ocrx_word' id='word_1_343' title='bbox 414 4490 452 4546; x_wconf 90' lang='lat' dir='ltr'>de</span> <span class='ocrx_word' id='word_1_344' title='bbox 464 4489 493 4545; x_wconf 83' lang='lat' dir='ltr'>la</span> <span class='ocrx_word' id='word_1_345' title='bbox 506 4489 666 4561; x_wconf 77' lang='lat' dir='ltr'>parrochial</span> <span class='ocrx_word' id='word_1_346' title='bbox 683 4488 721 4544; x_wconf 84' lang='lat' dir='ltr'>de</span> <span class='ocrx_word' id='word_1_347' title='bbox 734 4489 858 4546; x_wconf 81' lang='lat' dir='ltr'>Garoiaz</span> <span class='ocrx_word' id='word_1_348' title='bbox 874 4505 944 4562; x_wconf 81' lang='lat' dir='ltr'>para</span> <span class='ocrx_word' id='word_1_349' title='bbox 960 4497 1109 4550; x_wconf 69' lang='lat' dir='ltr'>sustentur</span> <span class='ocrx_word' id='word_1_350' title='bbox 1125 4493 1152 4548; x_wconf 85' lang='lat' dir='ltr'>el</span> <span class='ocrx_word' id='word_1_351' title='bbox 1170 4493 1296 4568; x_wconf 77' lang='lat' dir='ltr'>collegio</span> <span class='ocrx_word' id='word_1_352' title='bbox 1315 4515 1353 4552; x_wconf 83' lang='lat' dir='ltr'>en</span> 
     </span>
     <span class='ocr_line' id='line_1_37' title="bbox 129 4577 1352 4656; baseline 0.004 -20"><span class='ocrx_word' id='word_1_353' title='bbox 129 4581 274 4652; x_wconf 83' lang='lat' dir='ltr'>Truxillo,</span> <span class='ocrx_word' id='word_1_354' title='bbox 286 4597 326 4636; x_wconf 90' lang='lat' dir='ltr'>no</span> <span class='ocrx_word' id='word_1_355' title='bbox 338 4582 368 4636; x_wconf 74' lang='lat' dir='ltr'>le</span> <span class='ocrx_word' id='word_1_356' title='bbox 380 4595 485 4652; x_wconf 78' lang='lat' dir='ltr'>pnrece</span> <span class='ocrx_word' id='word_1_357' title='bbox 496 4583 514 4635; x_wconf 70' lang='lat' dir='ltr'>al</span> <span class='ocrx_word' id='word_1_358' title='bbox 526 4586 646 4634; x_wconf 71' lang='lat' dir='ltr'>uuesuo</span> <span class='ocrx_word' id='word_1_359' title='bbox 658 4577 753 4634; x_wconf 75' lang='lat' dir='ltr'>Podre</span> <span class='ocrx_word' id='word_1_360' title='bbox 764 4579 829 4636; x_wconf 76' lang='lat' dir='ltr'>tino</span> <span class='ocrx_word' id='word_1_361' title='bbox 841 4595 910 4654; x_wconf 85' lang='lat' dir='ltr'>que,</span> <span class='ocrx_word' id='word_1_362' title='bbox 922 4583 942 4635; x_wconf 82' lang='grc'>6</span> <span class='ocrx_word' id='word_1_363' title='bbox 953 4595 987 4636; x_wconf 80' lang='lat' dir='ltr'>se</span> <span class='ocrx_word' id='word_1_364' title='bbox 1000 4581 1076 4652; x_wconf 75' lang='lat' dir='ltr'>luga</span> <span class='ocrx_word' id='word_1_365' title='bbox 1087 4597 1126 4637; x_wconf 81' lang='lat' dir='ltr'>eu</span> <span class='ocrx_word' id='word_1_366' title='bbox 1142 4579 1279 4656; x_wconf 71' lang='lat' dir='ltr'>Goon,</span> <span class='ocrx_word' id='word_1_367' title='bbox 1289 4585 1308 4640; x_wconf 85' lang='grc' dir='ltr'>ό</span> <span class='ocrx_word' id='word_1_368' title='bbox 1319 4599 1352 4642; x_wconf 75' lang='lat' dir='ltr'>ee</span> 
     </span>
     <span class='ocr_line' id='line_1_38' title="bbox 131 4665 1353 4748; baseline 0.002 -22"><span class='ocrx_word' id='word_1_369' title='bbox 131 4669 220 4727; x_wconf 84' lang='lat' dir='ltr'>dexe.</span> <span class='ocrx_word' id='word_1_370' title='bbox 238 4670 272 4726; x_wconf 90' lang='lat' dir='ltr'>Si</span> <span class='ocrx_word' id='word_1_371' title='bbox 283 4678 346 4726; x_wconf 81' lang='lat' dir='ltr'>otra</span> <span class='ocrx_word' id='word_1_372' title='bbox 358 4683 428 4725; x_wconf 80' lang='lat' dir='ltr'>cosa</span> <span class='ocrx_word' id='word_1_373' title='bbox 439 4668 495 4724; x_wconf 68' lang='lat' dir='ltr'>alli</span> <span class='ocrx_word' id='word_1_374' title='bbox 505 4667 682 4740; x_wconf 59' lang='lat' dir='ltr'>parociam,</span> <span class='ocrx_word' id='word_1_375' title='bbox 693 4683 731 4724; x_wconf 86' lang='lat' dir='ltr'>uo</span> <span class='ocrx_word' id='word_1_376' title='bbox 740 4667 817 4724; x_wconf 79' lang='lat' dir='ltr'>dexe</span> <span class='ocrx_word' id='word_1_377' title='bbox 827 4667 867 4723; x_wconf 87' lang='lat' dir='ltr'>V.</span> <span class='ocrx_word' id='word_1_378' title='bbox 881 4665 919 4725; x_wconf 89' lang='lat' dir='ltr'>R.</span> <span class='ocrx_word' id='word_1_379' title='bbox 936 4667 974 4725; x_wconf 84' lang='lat' dir='ltr'>de</span> <span class='ocrx_word' id='word_1_380' title='bbox 986 4668 1118 4727; x_wconf 72' lang='lat' dir='ltr'>euim.»</span> <span class='ocrx_word' id='word_1_381' title='bbox 1128 4669 1172 4726; x_wconf 75' lang='lat' dir='ltr'>Ex</span> <span class='ocrx_word' id='word_1_382' title='bbox 1181 4673 1353 4748; x_wconf 72' lang='lat' dir='ltr'>archetypo,</span> 
     </span>
     <span class='ocr_line' id='line_1_39' title="bbox 135 4757 536 4834; baseline -0.007 -20"><span class='ocrx_word' id='word_1_383' title='bbox 135 4759 163 4814; x_wconf 87' lang='lat' dir='ltr'>in</span> <span class='ocrx_word' id='word_1_384' title='bbox 178 4757 255 4816; x_wconf 78' lang='lat' dir='ltr'>Cod.</span> <span class='ocrx_word' id='word_1_385' title='bbox 273 4759 367 4834; x_wconf 47' lang='lat' dir='ltr'>Pae,</span> <span class='ocrx_word' id='word_1_386' title='bbox 381 4771 434 4827; x_wconf 81' lang='lat'>²04</span> <span class='ocrx_word' id='word_1_387' title='bbox 446 4759 536 4826; x_wconf 73' lang='lat'><strong>(205).</strong></span> 
     </span>
    </p>
   </div>
   <div class='ocr_carea' id='block_1_12' title="bbox 0 0 1756 5380">
    <p class='ocr_par' dir='ltr' id='par_1_16' title="bbox 0 0 1756 5380">
     <span class='ocr_line' id='line_1_40' title="bbox 0 0 1756 5380; baseline 0 0"><span class='ocrx_word' id='word_1_388' title='bbox 0 0 1756 5380; x_wconf 95' lang='lat' dir='ltr'> </span> 
     </span>
    </p>
   </div>
  </div>
 </body>
</html>
