3464 5386
402 477 455 548 428
821 479 924 532 Errsr.
944 475 978 531 P.
998 474 1201 544 Narras-325

401 654 505 700 eausa
524 633 649 718 perche
668 652 737 697 non
760 632 818 696 uol
839 629 981 696 mandar
1001 626 1081 694 tutti
1101 625 1216 713 quelli:
1239 632 1314 695 sara
1335 629 1427 695 forsa
1447 648 1505 714 per
1525 640 1606 697 tener

402 749 547 835 qualche
562 757 710 833 respetto
726 745 758 811 al
773 744 935 831 capitulo,
954 755 988 812 et
1005 744 1131 829 perche
1146 743 1259 810 alcuni
1274 741 1351 808 libri
1371 765 1441 810 non
1461 765 1541 812 sono
1558 767 1607 830 per

403 863 461 931 noi
483 861 677 930 necessarii.
702 863 745 928 V.
769 861 810 928 R.
834 863 932 946 potra
952 857 1087 925 ordinat
1108 857 1137 924 si
1157 858 1265 925 faccia
1283 860 1379 927 detta
1397 858 1484 926 lista.
1507 860 1604 928 Sfflon

403 999 516 1046 uanno
533 977 569 1042 in
585 979 726 1063 Spagna
745 975 769 1040 li
790 973 909 1061 figlioli
925 973 981 1041 del
1000 995 1038 1041 re
1057 974 1100 1040 de
1121 972 1264 1054 romani,
1288 974 1379 1040 forsa
1399 975 1549 1043 uenendo
1565 974 1604 1040 lui

403 1095 494 1160 nella
519 1115 581 1160 sua
601 1091 741 1172 diocesi,
764 1089 907 1177 giouara
927 1111 994 1156 con
1015 1111 1078 1158 sua
1098 1088 1269 1176 presentia
1289 1089 1312 1154 il
1332 1089 1477 1176 collegio
1497 1091 1537 1156 de
1552 1088 1603 1156 Di·

403 1208 509 1296 linga.

470 1324 540 1409 Qui
562 1346 606 1390 ua
625 1345 694 1390 una
713 1322 791 1388 lista
810 1319 890 1389 delli
914 1319 1097 1401 fundatori,
1127 1321 1277 1389 secondo
1300 1322 1365 1389 che
1388 1341 1455 1406 qua
1477 1320 1509 1387 di
1527 1341 1605 1386 nouo

403 1441 433 1507 si
453 1443 472 1507 ὁ
494 1441 588 1506 satta.
613 1441 656 1506 V.
681 1440 722 1505 R.
746 1439 843 1524 potra
863 1435 1011 1503 ordinar'
1033 1434 1062 1500 si
1082 1435 1203 1502 dicano
1231 1438 1264 1504 le
1283 1457 1394 1504 messe
1420 1448 1455 1504 et
1480 1433 1604 1502 orationi

403 1579 464 1643 per
484 1553 587 1639 quelli
610 1551 782 1620 fundatori
803 1551 853 1618 fra
872 1551 896 1615 li
917 1549 1024 1617 notati
1046 1551 1082 1617 in
1101 1552 1196 1618 detta
1215 1551 1293 1618 lista
1311 1554 1376 1618 che
1396 1551 1420 1618 li
1439 1571 1606 1639 pareranno

403 1693 473 1738 non
493 1672 599 1737 hauet
618 1669 794 1749 difficulta3
817 1678 864 1746 et,
887 1687 924 1733 se
946 1669 1075 1734 hauera
1090 1667 1254 1733 difficulta
1269 1667 1359 1734 circa
1382 1669 1494 1735 alcuni
1508 1665 1603 1754 punti,

376 1786 515 1874 ‚scriua
541 1785 564 1850 il
591 1805 656 1850 suo
683 1804 802 1870 parere
822 1781 913 1848 circa
932 1781 1048 1867 quelli,
1071 1784 1145 1849 olo
1166 1781 1258 1850 dirra
1277 1784 1320 1852 de
1339 1784 1455 1869 parola
1474 1783 1533 1850 alla
1553 1802 1604 1847 sna

403 1901 575 1968 ritornata.

469 2016 569 2084 Circa
588 2015 622 2081 la
649 2012 826 2080 fundation
852 2012 908 2078 del
932 2011 1079 2098 collegio
1105 2014 1149 2081 de
1175 2015 1295 2096 Roma,
1317 2015 1396 2099 quel
1423 2016 1486 2081 che
1510 2009 1605 2100 potrei

403 2131 475 2200 dire
495 2133 528 2197 lo
556 2129 683 2198 uedera
709 2129 752 2196 V.
777 2128 818 2195 R.
841 2149 902 2213 per
922 2129 955 2196 le
974 2129 1094 2195 lettere
1109 2131 1172 2196 che
1195 2128 1254 2215 qui
1276 2127 1305 2194 si
1326 2129 1504 2196 mandans
1521 2131 1603 2196 Man-

402 2249 447 2314 do
463 2249 571 2314 anche
588 2266 634 2310 un
651 2242 844 2311 memoriale
860 2243 914 2308 del
931 2246 966 2310 M
971 2240 998 2309 .⁰
1015 2242 1206 2327 Ludouico,
1229 2244 1322 2310 accio
1337 2243 1365 2311 si
1382 2243 1509 2330 compti
1523 2244 1606 2329 quel-

403 2365 436 2430 lo
451 2365 515 2429 che
530 2363 575 2428 V.
594 2362 635 2427 R.
656 2359 793 2440 uedera,
811 2379 871 2444 per
888 2379 949 2426 uso
965 2360 1007 2426 de
1031 2359 1075 2426 N.
1103 2360 1140 2425 P.
1166 2360 1231 2425 alla
1254 2381 1317 2426 sua
1333 2369 1466 2426 tornata
1486 2359 1604 2443 inqua.

404 2481 508 2547 Resta
527 2479 599 2544 solo
615 2477 679 2542 che
695 2474 739 2541 N.
764 2475 804 2540 P.
829 2473 1000 2560 preposito
1019 2485 1085 2542 etc.
1112 2475 1165 2542 De
1186 2475 1325 2557 Trent0,
1349 2475 1374 2540 li
1394 2491 1437 2559 25
1457 2476 1499 2543 de
1513 2475 1607 2542 Octo-

404 2595 465 2660 bre
485 2593 591 2680 1563.

646 3001 698 3066 P.
736 2999 1145 3067 HIERONYMUS
1180 3001 1388 3069 NADAL

785 3157 904 3212 parrer
923 3155 1078 3228 Jacosso
1097 3157 1244 3214 Larsaz

731 3311 894 3369 DleGAE,
913 3299 948 3354 28
966 3297 1001 3368 (?)
1019 3312 1171 3356 ocronrrrs
1193 3301 1262 3370 1563
1283 3306 1302 3358 ¹.

404 3445 449 3500 De
462 3443 601 3516 Conrado
612 3442 789 3515 vaagerio‚
803 3441 928 3496 Nicolao
942 3442 1090 3507 Serantis,
1100 3443 1222 3514 joanne
1236 3446 1400 3512 Prswtore,
1417 3445 1558 3518 &spara
1564 3445 1609 3517 Jo

455 3535 543 3605 sepho
559 3533 668 3596 siculo,
685 3532 807 3603 joanne
829 3530 945 3596 Dirsr'o,
967 3532 1105 3586 eto-Da
1121 3531 1240 3604 fratris
1260 3534 1359 3590 Marci
1375 3535 1466 3600 obitu,
1483 3536 1608 3606 aliisque,

456 3622 562 3694 quibus
574 3623 608 3676 in
619 3621 746 3694 epistola
760 3633 813 3690 330
825 3621 1034 3692 respondetur.
1711 3691 1712 3698 ἵ

470 3749 526 3814 Ad
541 3768 603 3812 nos
618 3747 699 3812 lurae
714 3746 852 3830 epistola
872 3747 1016 3811 minima
1031 3749 1199 3832 perveni&
1214 3747 1290 3834 ejus
1311 3756 1423 3815 autam
1444 3749 1608 3834 montropt
1711 3743 1712 3746 ’

405 3866 443 3929 in
459 3864 581 3928 littaris
597 3861 742 3928 Porum
757 3861 803 3926 aa
819 3861 978 3926 Natalem
995 3861 1049 3926 aa
1066 3877 1086 3944 7
1103 3863 1306 3931 Novembris
1323 3868 1410 3949 1563
1422 3867 1520 3948 aas,
1531 3887 1564 3930 η.
1579 3879 1605 3928 ι.

403 3981 674 4066 Argumentum,
695 3997 755 4041 seu
770 3977 884 4060 potius
904 3982 1114 4062 argumenta
1133 3980 1236 4044 varia
1260 3979 1299 4045 in
1322 3980 1383 4045 illa
1400 3983 1607 4068 pertractato,

404 4099 476 4160 tum
492 4114 534 4159 ex
549 4093 656 4160 dictae
672 4093 828 4178 episwlae
839 4094 1013 4177 responsis
1031 4093 1151 4159 Natali
1162 4093 1262 4174 datis,
1275 4101 1346 4160 tum
1358 4116 1401 4161 ax
1411 4095 1609 4182 sequmtrhus

399 4207 640 4296 paragraphis
656 4207 802 4272 Polanci
822 4207 867 4272 ad
886 4207 1103 4272 Madridium
1126 4231 1148 4293 9
1170 4209 1372 4276 Novembris
1391 4213 1529 4297 scriptis
1543 4207 1609 4274 erui

398 4327 570 4410 poterunt.
590 4325 650 4389 Art
664 4323 756 4388 enim
769 4323 953 4388 Polarrcus:
969 4323 1129 4389 «Raciuio
1141 4329 1279 4392 nuestro
1291 4326 1409 4393 Padre
1421 4329 1454 4393 la
1466 4327 1506 4392 da
1524 4327 1558 4391 V.
1570 4323 1607 4390 R.

404 4439 445 4504 da
461 4455 503 4522 50
517 4439 570 4505 dal
581 4437 740 4522 passado,
754 4459 777 4522 y
793 4438 826 4502 la
842 4437 991 4503 drusion
1010 4459 1072 4523 qua
1087 4438 1187 4505 desea
1202 4441 1300 4507 saber
1323 4443 1360 4508 V.
1379 4443 1424 4510 R.
1442 4443 1483 4509 de
1497 4444 1544 4509 los
1556 4456 1609 4526 qva

458 4691 466 4722 ¹
505 4689 548 4742 Ex
561 4687 686 4759 epistola
698 4683 764 4758 330,
777 4705 807 4741 n.
824 4700 848 4755 13
863 4695 894 4741 et
907 4705 943 4742 ex
950 4686 1031 4742 'Cori
1048 4689 1139 4754 PLB,
1153 4689 1208 4747 loc.
1224 4689 1299 4747 infra
1311 4690 1362 4747 cit.
