3544 5390
344 533 397 607 586
815 533 920 591 Eersr.
941 531 973 592 P.
995 533 1107 590 Nauna

344 687 536 776 augebatur
555 685 694 756 deuotio
715 685 866 753 fidelium
894 689 937 754 ad
964 685 1158 756 venerabile
1183 697 1432 755 sacramentum
1460 685 1564 754 colla·

344 799 440 864 psam
461 789 495 846 et
516 800 577 866 per
597 775 786 843 haereticos
806 786 956 862 tempore
977 774 1069 862 regis
1089 776 1247 843 Edwardi
1266 776 1447 857 sublatam,
1469 775 1565 856 resti·

345 869 463 936 tuebat
479 877 513 935 et
529 865 664 952 scriptis
684 865 918 949 confirmabat,
941 864 975 930 in
996 865 1121 950 quibus
1141 888 1196 934 me
1218 865 1303 932 nihil
1322 867 1388 933 tale
1409 864 1562 950 cogitan-

346 965 414 1022 tem
438 955 590 1024 eiusdem
612 953 831 1021 fraternitatis
858 954 1100 1041 vicepresidem
1128 955 1335 1021 nominabat.
1358 955 1432 1022 Nec
1457 954 1562 1019 multo

346 1054 434 1131 post,
448 1055 582 1111 mortuo
594 1042 743 1130 episcopi
755 1041 963 1110 londinensis
979 1045 1207 1129 suffraganeO,
1225 1053 1415 1110 conuentus
1426 1041 1560 1127 quidam

346 1134 562 1202 sacerdotum
579 1135 721 1200 honeste
736 1153 776 1198 ac
792 1131 847 1218 pie
862 1132 898 1198 in
914 1133 1014 1198 domo
1030 1133 1175 1216 quadam
1191 1131 1330 1198 seorsim
1343 1154 1362 1198 a
1374 1143 1475 1200 coetu
1487 1153 1560 1198 sae-

346 1221 512 1288 cularium
528 1221 718 1290 viuentium
734 1242 789 1287 me
805 1222 966 1307 petebant
986 1221 1022 1286 in
1042 1243 1143 1288 suum
1163 1221 1361 1306 praesidem,
1391 1239 1478 1305 quos
1497 1241 1561 1306 ego

346 1312 390 1377 ad
417 1321 553 1396 tempus
578 1310 714 1395 aliquod
740 1311 904 1396 regebam
930 1311 1118 1380 seeundum
1139 1311 1275 1396 regulas
1301 1309 1453 1376 eiusdem
1481 1329 1561 1374 con-

343 1409 482 1480 uentus;
501 1401 687 1466 vocabatur
703 1410 816 1465 autem
833 1421 952 1466 mensa
963 1401 1081 1488 Jhesu.
1097 1401 1201 1466 Hunc
1212 1398 1247 1465 in
1259 1399 1397 1465 modum
1409 1419 1447 1465 se
1458 1397 1562 1483 primo

344 1489 517 1556 habebant
533 1509 587 1554 res
603 1509 709 1570 meae;
727 1488 787 1553 sed
804 1489 940 1555 tandem
959 1486 1117 1554 omnibus
1132 1487 1205 1554 istis
1221 1499 1358 1568 exutus,
1376 1489 1461 1573 fuga
1475 1485 1560 1554 vitae

345 1578 525 1645 consulere
540 1577 689 1662 cogebar
705 1596 764 1660 per
779 1577 858 1645 fidei
880 1575 1068 1644 catholicae
1088 1579 1216 1656 hostes,
1239 1596 1317 1643 cum
1337 1576 1462 1661 quibus
1481 1573 1559 1641 mihi

345 1665 389 1732 ab
405 1664 546 1734 ineunte
562 1676 672 1732 aetate
688 1685 821 1750 semper
836 1687 954 1752 pugna
970 1664 1087 1752 grauis
1103 1664 1178 1746 fuir,
1196 1664 1347 1750 nihilque
1366 1665 1434 1733 iam
1455 1663 1560 1751 magis

345 1754 381 1820 in
409 1754 497 1820 votis
524 1753 647 1836 habeo,
677 1774 777 1838 quam
805 1765 842 1820 vt
869 1754 904 1820 in
931 1755 1050 1822 eodem
1072 1752 1182 1820 stadio
1202 1752 1291 1822 vitae
1310 1753 1411 1822 huius
1427 1774 1559 1820 cursum

345 1843 535 1924 absoluam,
555 1843 655 1909 modo
671 1841 717 1908 ita
733 1841 815 1912 uelit
831 1845 938 1910 Deus.
957 1842 1022 1909 His
1038 1842 1084 1909 ita
1101 1841 1219 1928 gestis,
1237 1842 1366 1929 qui'me
1381 1842 1474 1928 prius
1486 1864 1560 1927 pro-

347 1942 502 2000 mouerat
518 1932 562 1998 ad
583 1930 828 2000 fraternitatem
848 1931 994 1998 nominis
1010 1934 1130 2019 Jhesu,
1148 1933 1255 2012 DeuS,
1274 1931 1400 2018 quique
1415 1931 1560 1999 secundo

347 2023 391 2089 ad
408 2043 560 2090 mensam
577 2019 721 2087 nominis
738 2022 849 2107 Jhesu¹
865 2020 1038 2102 inuitarat,
1064 2018 1163 2087 tertio
1183 2041 1321 2105 quoque
1340 2019 1374 2086 in
1395 2019 1560 2090 Societate

346 2109 413 2177 ista
428 2108 575 2178 nominis
587 2111 694 2197 Jhesu
710 2109 904 2176 collocauit.
923 2107 1019 2177 Fecit
1034 2108 1117 2175 mihi
1132 2131 1257 2196 magna
1278 2108 1337 2194 qui
1357 2121 1477 2195 potens
1499 2118 1559 2189 est,

347 2211 382 2266 et
399 2209 555 2266 sanctum
571 2219 696 2265 nomen
712 2197 805 2264 Eius.
825 2199 857 2264 8.
876 2201 1048 2266 Decemat
1063 2199 1107 2267 de
1122 2219 1177 2266 me
1197 2198 1278 2284 quid
1298 2197 1379 2265 velit
1398 2198 1434 2263 in
1456 2196 1562 2265 omni-

348 2289 416 2356 bus
431 2299 550 2355 saneta
565 2287 631 2353 ista
646 2286 810 2356 Societas.
830 2288 939 2354 Mater
953 2307 1029 2354 mea
1044 2297 1108 2356 est:
1126 2286 1234 2354 filium
1245 2299 1282 2354 vt
1294 2308 1394 2374 spero
1404 2286 1562 2355 obedien-

348 2387 418 2446 tem
435 2387 470 2446 et
485 2375 521 2444 in
537 2376 695 2443 omnibus
709 2373 921 2462 resignatum
938 2375 973 2442 in
989 2375 1123 2462 magnis
1143 2398 1253 2461 aeque
1272 2387 1374 2462 atque
1396 2376 1432 2441 in
1455 2374 1564 2462 paruis

348 2488 405 2534 me
421 2465 628 2552 experietur.
648 2466 724 2551 Ego
741 2463 911 2550 proposui,
930 2463 1097 2532 Dominus
1113 2463 1276 2551 perficiet.
1300 2488 1333 2554 9.
1357 2463 1472 2532 Primo
1488 2464 1561 2548 Maij

349 2577 439 2622 anno
455 2554 593 2622 Domini
614 2555 697 2638 1563
720 2555 871 2620 Rhomae
892 2553 940 2619 fui
961 2563 1118 2640 receptus
1139 2554 1173 2620 in
1195 2553 1411 2634 Societatem,
1433 2563 1470 2622 et
1487 2575 1564 2620 exa-

349 2639 510 2710 minatus.
546 2662 596 2711 10.
627 2645 678 2709 Ex
706 2663 773 2726 quo
799 2641 975 2728 ingressus
1002 2664 1078 2709 sum
1107 2643 1311 2712 Societatem
1330 2642 1414 2709 nihil
1440 2645 1563 2710 dehac

349 2732 588 2800 distributione
604 2730 685 2798 mihi
700 2731 829 2797 dietum
846 2731 921 2798 fuit.
945 2750 995 2798 11.
1011 2733 1096 2800 Sum
1108 2733 1276 2799 sacerdos.
1296 2749 1346 2799 12.
1363 2735 1447 2800 Post
1458 2753 1562 2800 meam

349 2821 384 2888 in
400 2824 488 2910 hanc
504 2821 709 2890 Societatem
730 2819 970 2890 admissionem
997 2821 1159 2888 continuo
1185 2821 1241 2888 hic
1268 2823 1418 2888 Rhomae
1445 2821 1560 2900 mansi,

350 2911 415 2977 nisi
430 2932 509 2977 cum
525 2911 686 2978 Loretum
700 2909 984 2996 peregrinationis
995 2931 1099 2977 causa
1109 2909 1258 2990 visitaui,
1273 2931 1341 2994 quo
1354 2920 1506 2996 tempore
1518 2909 1563 2976 fui

351 3000 385 3064 in
401 2997 546 3085 collegio
560 3000 737 3066 lauretano
752 3009 787 3067 et
807 2999 1040 3068 maceratensi.
1068 3018 1118 3083 13.
1142 3001 1294 3066 Rhomae
1315 2998 1351 3066 in
1369 3000 1472 3066 domo
1499 3001 1563 3066 Pa·

352 3099 441 3164 trum
468 3087 585 3174 peregi
611 3087 719 3175 prima
744 3087 812 3154 illa'
827 3087 1041 3154 humilitatis.
1056 3087 1228 3170 exercitia,
1261 3109 1349 3172 quae
1378 3088 1424 3173 hij
1458 3089 1564 3155 facere

351 3179 473 3258 solent,
495 3176 553 3263 qui
576 3176 612 3243 in
632 3176 830 3262 probatione
849 3187 941 3244 sunt.
965 3179 1146 3246 Praeterea
1165 3199 1248 3244 vero
1269 3177 1304 3242 in
1324 3176 1469 3264 collegio
1488 3180 1565 3244 rho-

350 3287 451 3333 mano
471 3263 630 3334 exercitia
657 3264 844 3351 spiritualia
870 3265 952 3332 mihi
979 3267 1147 3332 dabantur
1179 3283 1217 3350 17
1245 3265 1454 3351 Septembris
1481 3287 1566 3332 armo

350 3353 487 3422 Domini
507 3356 603 3439 15633
622 3355 745 3440 quibus
765 3353 881 3435 finitis,
905 3355 1110 3440 pauperibus
1132 3355 1167 3420 in
1194 3355 1405 3423 xenodochio
1426 3377 1486 3441 per
1508 3354 1562 3420 ali·

351 3455 434 3528 quot
450 3443 523 3510 dies
538 3443 776 3512 inseruiebam.
796 3445 873 3509 Hoc
889 3465 978 3510 anno
995 3443 1084 3510 ibam
1106 3445 1267 3510 Loretum
1287 3443 1566 3530 peregrinationis

351 3553 464 3600 causa.
472 3533 712 3600 Confessiones
724 3552 860 3617 quoque
871 3533 1094 3616 quorumdam
1107 3534 1285 3620 anglorum
1298 3542 1333 3600 et
1344 3532 1501 3612 aliorum,
1511 3531 1566 3618 qui

349 3621 454 3689 latine
469 3621 623 3688 confiteri
639 3630 808 3707 poterant,
827 3621 954 3688 audiui.
977 3640 1027 3703 14.
1045 3623 1085 3687 In
1110 3620 1176 3701 his,
1195 3643 1283 3706 quae
1308 3620 1390 3687 mihi
1417 3623 1460 3686 ab
1486 3623 1566 3688 obe-

350 3709 476 3777 dientia
504 3709 655 3777 iniuneta
682 3711 828 3790 fuerant,
861 3721 1016 3777 versatus
1047 3731 1135 3792 sum;
1164 3732 1266 3795 quam
1286 3709 1450 3776 foeliciter
1473 3709 1565 3777 nouit

350 3801 457 3880 Deus3
475 3819 542 3885 ego
556 3819 676 3866 vereor
692 3798 806 3865 omnia
822 3819 925 3884 opera
941 3819 1027 3865 mea.
1050 3815 1100 3883 15.
1119 3797 1360 3867 Decimatertia
1381 3799 1459 3884 Maij
1478 3821 1565 3866 anno

350 3887 487 3955 Domini
509 3889 591 3970 1563
613 3885 708 3956 emisi
728 3897 863 3970 votum,
885 3889 1074 3955 secundum
1095 3887 1354 3955 constitutiones
1373 3887 1562 3957 Societatis.

355 3977 406 4043 16.
421 3975 541 4043 Libros
552 3975 677 4042 multos
689 3987 723 4042 et
735 3998 805 4042 non
817 3978 1095 4057 contemnendos
1105 3988 1218 4045 vestes
1228 3997 1376 4062 quoque,
1386 4000 1475 4064 quae
1485 3989 1567 4044 tunc

350 4063 455 4132 statui
471 4085 549 4132 meo
564 4066 813 4150 competebant,
831 4075 866 4130 et
881 4064 946 4132 alia
962 4065 997 4130 in
1013 4066 1140 4152 Anglia
1155 4088 1261 4152 penes
1276 4065 1432 4133 diuersos
1452 4077 1566 4134 custo-

350 4153 474 4222 dienda
489 4153 621 4238 reliqui:
640 4175 718 4220 nam
735 4152 895 4239 iniquitas
916 4165 1105 4240 temporum
1126 4177 1195 4221 non
1215 4155 1431 4242 permittebat
1453 4177 1508 4224 me
1527 4156 1567 4222 de

350 4242 435 4311 meis
449 4242 629 4329 disponere
640 4251 740 4328 prout
753 4243 909 4310 volebam
922 4265 962 4309 ac
974 4241 1115 4330 proinde
1128 4243 1292 4311 faciebam
1304 4243 1392 4312 sicut
1404 4257 1565 4330 poteram.

350 4331 471 4400 Libros
486 4331 692 4418 cognatione
708 4329 790 4397 mihi
810 4331 1012 4400 coniunctae
1032 4334 1093 4399 sed
1113 4333 1311 4402 haeresibus
1332 4333 1479 4403 infectae
1499 4357 1569 4400 ma-

350 4431 469 4489 tronae
484 4422 774 4500 commendabam,
792 4441 861 4486 non
878 4422 987 4488 solum
1004 4421 1083 4506 quia
1099 4443 1153 4488 me
1168 4419 1267 4490 vnice
1283 4423 1422 4489 amabat
1434 4434 1469 4492 et
1489 4423 1568 4489 mihi

349 4508 509 4578 benefitia
524 4511 631 4576 multa
646 4509 870 4597 praestiterat,
888 4509 969 4580 licet
980 4510 1151 4579 haeretica
1162 4523 1252 4579 esset
1264 4510 1414 4598 supremi
1427 4514 1563 4598 gradus¹

349 4600 410 4667 sed
436 4598 516 4686 quia
542 4599 633 4686 apud
659 4598 748 4666 illam
776 4598 955 4666 haereticis
982 4609 1095 4667 notam
1123 4611 1158 4668 et
1185 4599 1251 4667 illis
1274 4602 1410 4667 charam
1437 4600 1566 4668 latitare
1641 4664 1647 4684 ,

349 4687 500 4778 potuisse
514 4688 728 4772 videbantur,
747 4697 781 4756 et
797 4687 943 4755 maxime
959 4687 994 4755 in
1010 4699 1085 4756 tuto
1100 4710 1188 4757 esse.
1206 4689 1347 4775 Louanij
1361 4711 1499 4775 quoque
1509 4688 1564 4755 vbi
