3544 5390
396 457 451 516 554
861 443 965 500 Errsr.
987 444 1024 498 P.
1048 441 1161 499 Ninia

394 613 431 662 ¹1.
451 595 546 680 Lego
559 593 774 674 rhetoricam,
790 615 891 680 quam
905 587 1147 678 professionem
1160 593 1307 682 accepia
1324 597 1412 663 festo
1428 599 1603 665 Paschae...

398 700 431 765 7.
451 684 540 752 Sunt
556 683 654 750 nobis
672 683 867 766 frequentes
882 683 1156 748 adolescentes...
1176 683 1229 770 [11.
1249 699 1325 767 541,
1349 682 1425 774 546]
1445 687 1466 750 ¹.

471 791 498 837 1.
521 772 634 838 Guido
655 771 846 838 Masborus.
868 789 899 838 2.
924 769 1056 857 Viginti
1076 784 1233 856 quatuor.
1258 793 1288 856 3.
1312 774 1446 851 Gallus,
1464 796 1503 839 ex
1520 773 1600 839 terri-

399 860 486 927 torio
503 859 677 938 leodiensi,
697 883 739 928 err
756 881 846 946 pago
863 859 1026 938 Wailhet,
1045 881 1149 945 prope
1168 861 1419 928 Dionantum...
1447 878 1495 946 15.
1513 863 1604 928 Colo·

397 949 488 1028 niae,
507 949 694 1031 Cameraci,
715 949 908 1018 Louanii...
927 948 1063 1016 Artium
1084 949 1277 1017 licentiatus
1296 950 1498 1018 Coloniae...
1516 952 1605 1017 Colo

399 1037 477 1106 niae
494 1037 680 1106 rhetoricae
696 1051 731 1106 et
746 1037 979 1123 philosophiae
1000 1059 1060 1123 per
1082 1039 1351 1122 quadriennium.
1380 1057 1430 1120 17.
1450 1042 1487 1106 ln
1499 1039 1606 1108 ‘Socie-

401 1139 472 1193 tate
492 1126 608 1212 docuit
629 1126 804 1194 inferiores
824 1126 1018 1211 disciplinas
1038 1149 1146 1211 vsque
1167 1128 1211 1193 ad
1231 1127 1436 1194 rhetoricam
1456 1128 1606 1195 inclusiue
1724 1179 1731 1198 .

399 1237 461 1302 pet
477 1214 747 1299 quadriennium.
767 1215 820 1302 [ll,
839 1215 916 1304 551}

474 1322 501 1370 1.
550 1306 663 1370 Vocor
679 1305 884 1371 Guilielmus
895 1303 1055 1368 Elderen.
1072 1323 1103 1370 2.
1119 1306 1240 1371 Annos
1252 1315 1353 1370 natus
1366 1325 1408 1388 30
1420 1316 1455 1372 et
1474 1323 1503 1386 1,
1516 1305 1554 1370 ad
1567 1305 1607 1368 le-

400 1402 493 1458 stum
504 1392 691 1458 natiuitatis
701 1390 837 1460 Domini
849 1391 1047 1478 proximum.
1063 1413 1094 1476 3.
1108 1394 1158 1458 Ex
1168 1393 1275 1478 patria
1285 1393 1476 1460 Leodnia...
1494 1411 1540 1459 12.
1551 1395 1608 1458 Re-

400 1492 523 1566 ceptus
538 1481 573 1545 in
590 1481 794 1549 Societatem
807 1484 935 1548 Romae
957 1497 992 1563 15
998 1497 1051 1564 503
1067 1481 1159 1567 prius
1175 1493 1286 1546 tamen
1300 1504 1359 1566 per
1375 1481 1545 1548 dimidium
1556 1503 1605 1546 an-

403 1591 484 1636 num
502 1568 664 1636 Coloniae
680 1589 757 1634 curn
776 1573 876 1636 Patre
893 1571 1069 1638 Leonardo
1085 1570 1154 1656 egi.
1174 1569 1394 1636 Examinatus
1410 1593 1542 1656 quoque
1555 1591 1606 1654 ge·

402 1657 562 1726 neraliter
582 1661 751 1726 Rornae...
779 1677 829 1739 14.
853 1659 1019 1726 Sacerdos
1038 1680 1114 1724 sum
1134 1658 1307 1744 indignus
1335 1657 1398 1742 15.'
1411 1662 1448 1726 In
1473 1656 1607 1744 collegiis

400 1747 483 1832 degi
495 1747 671 1814 viennensi
684 1758 717 1813 et
730 1746 995 1831 ingolstadiensi.
1005 1798 1026 1812 ..
1043 1765 1096 1814 20.
1113 1749 1196 1814 Post
1207 1769 1323 1813 casum
1336 1749 1514 1832 quemdam
1529 1746 1607 1814 vien-

403 1857 543 1902 nensem
561 1856 745 1920 numquam
760 1835 906 1920 perfecta
919 1835 1061 1902 sanitate
1074 1857 1149 1902 sum
1164 1857 1245 1902 usus
1257 1838 1434 1904 hactenus
1455 1855 1508 1903 21.
1526 1837 1606 1901 Con-

405 1925 515 1992 fessus
531 1945 607 1991 sum
625 1923 829 2008 generaliter
840 1945 953 2010 saepe,
969 1946 1036 1990 non
1049 1925 1185 2010 quidem
1197 1936 1286 1990 stato
1299 1937 1462 2010 tempore,
1480 1923 1606 1991 maxime

404 2015 597 2099 Augustae.
615 2009 718 2104 [Sola]
740 2031 767 2080 1.
787 2014 891 2080 Extra
911 2011 1116 2080 Societatem
1138 2013 1260 2098 studijs
1279 2014 1356 2080 dedi
1373 2036 1525 2100 operam,
1542 2033 1607 2098 par-

402 2102 463 2168 tim
480 2102 515 2167 in
532 2101 651 2187 patria,
671 2100 790 2187 partim
808 2101 962 2186 Lovanij,
980 2101 1039 2166 ubi
1054 2113 1088 2168 et
1100 2102 1245 2188 logicam
1262 2113 1296 2170 et
1309 2103 1480 2187 physicam
1494 2099 1605 2168 audiui.

404 2193 442 2257 ln
458 2191 632 2259 Societate
646 2212 727 2256 vero
743 2190 844 2256 etiam
861 2189 902 2274 ijs
922 2189 1045 2275 studijs
1067 2202 1170 2275 atque
1190 2191 1382 2276 theologiae
1403 2212 1442 2256 ac
1459 2192 1530 2257 aliis
1544 2211 1608 2274 per·

404 2279 573 2345 functorie
589 2299 725 2364 operam
741 2277 861 2345 dedi...
880 2298 911 2359 4.
931 2280 1009 2346 Non
1025 2281 1111 2346 adeo
1135 2278 1294 2346 memoria
1315 2291 1350 2347 et
1370 2279 1520 2366 ingenio,
1536 2295 1609 2362 quae

403 2389 529 2453 magna
545 2367 725 2453 praecipue
741 2365 854 2432 studia
870 2367 1063 2450 requirunt,
1082 2368 1203 2453 polleo;
1226 2367 1439 2452 diuersisque
1459 2371 1555 2436 rebus
1568 2366 1607 2430 fa-

402 2456 469 2524 cile
485 2458 621 2523 obruor.
647 2473 677 2539 5.
702 2459 778 2522 Non
800 2458 886 2522 adeo
906 2477 1065 2541 magnam
1085 2457 1354 2542 progressionem
1377 2458 1410 2522 in
1431 2457 1548 2541 studijs
1564 2475 1609 2518 mc

406 2545 527 2612 fecisse
556 2545 673 2612 fateor.
705 2545 737 2610 6.
767 2547 823 2612 Ad
851 2546 980 2610 nullum
1008 2547 1182 2630 promotus
1205 2545 1370 2630 gradum,
1400 2568 1499 2629 quem
1525 2543 1610 2612 etiam

402 2643 501 2703 extra
532 2633 737 2706 Societatem
762 2632 844 2698 mihi
871 2633 987 2718 optaui
1014 2655 1205 2720 nunquam,
1235 2655 1346 2718 neque
1372 2635 1428 2700 hic
1455 2651 1540 2720 opto.
1566 2631 1609 2718 [ll,

404 2725 482 2806 563,
501 2723 576 2805 5⁶41

477 2830 504 2876 1.
553 2811 709 2896 Eurique
721 2811 822 2876 Pdea.
837 2829 866 2876 2.
879 2812 1053 2884 Pocornas
1063 2817 1084 2875 6
1094 2831 1211 2876 menos
1220 2811 1264 2875 de
1275 2827 1314 2893 32
1326 2819 1421 2876 anos.
1436 2831 1467 2894 3.
1480 2814 1530 2878 De
1540 2811 1609 2876 Por·

404 2900 514 2984 tugal,
532 2900 665 2965 natural
682 2901 724 2964 de
741 2899 904 2965 Lisboa...
929 2918 978 2964 10.
998 2901 1024 2964 F
1028 2921 1073 2983 uy
1088 2899 1233 2983 siempre
1250 2899 1482 2968 estudiante...
1502 2901 1548 2965 16.
1565 2897 1610 2962 Ha

405 2987 480 3053 diez
502 2997 585 3053 anos
606 3009 672 3072 que
694 2993 790 3056 entre
811 3008 855 3053 en
871 2989 903 3052 la
924 2989 1126 3073 Comparh'a:
1153 2988 1348 3073 cumplense
1373 3009 1459 3073 poco
1481 2989 1610 3072 despues

403 3078 448 3142 de
465 3085 531 3142 arlo
548 3097 703 3142 nueuo...
724 3095 778 3142 21.
798 3077 853 3145 He
869 3079 987 3144 estado
1004 3097 1046 3142 en
1068 3076 1227 3143 Cordoua
1246 3097 1269 3160 y
1291 3099 1333 3142 en
1356 3078 1559 3145 Salamanca:
1575 3095 1609 3140 en

403 3165 564 3232 Cordoua
580 3167 623 3232 he
639 3166 853 3245 confessado,
872 3165 1064 3248 predicad0,
1083 3166 1197 3250 leydo:
1213 3187 1256 3232 en
1272 3165 1472 3233 Salamanca
1486 3165 1557 3232 hize
1570 3164 1610 3226 hs

408 3252 641 3337 probacioneS,
660 3276 681 3337 y
697 3253 843 3334 estudie,
861 3253 1108 3337 yjuntamente
1132 3255 1277 3338 despues
1293 3254 1336 3319 de
1359 3257 1527 3321 ordenado
1541 3273 1611 3318 con·

406 3343 537 3408 iesse...
558 3359 611 3424 27.
632 3341 803 3408 Inclinado
818 3363 873 3408 me
889 3342 1010 3421 sient0,
1029 3341 1057 3407 si
1073 3343 1124 3408 los
1138 3342 1332 3426 superiores
1348 3343 1528 3428 quisiesen,
1541 3343 1578 3406 de
1588 3338 1610 3402 ir

405 3437 428 3496 a
444 3429 621 3496 Alemania
634 3437 707 3496 mas
723 3452 789 3514 que
805 3437 825 3495 a
841 3441 914 3496 otra
925 3441 1032 3515 parte,
1052 3453 1114 3516 por
1130 3453 1184 3497 ser
1196 3430 1364 3496 inclinado
1376 3439 1396 3497 a
1407 3431 1550 3498 destruit
1560 3432 1610 3494 he-

406 3519 544 3604 rejlas.y
561 3541 722 3603 arraygar
737 3520 770 3586 la
786 3519 818 3584 fe
833 3520 877 3587 de
891 3519 924 3585 la
939 3519 1070 3604 iglesia.
1090 3517 1142 3607 ill,
1160 3521 1225 3601 603
1246 3518 1322 3610 606]

479 3627 506 3674 1.
553 3609 727 3674 Henrious
739 3609 917 3674 Arboreus.
932 3627 961 3674 2.
974 3607 1141 3693 Triginta,
1156 3608 1189 3673 ni
1204 3608 1309 3673 fallor.
1321 3627 1350 3692 3.
1362 3607 1524 3676 Natioest
1535 3609 1610 3676 Ger-

407 3695 520 3762 mania
536 3695 684 3774 inlerior,
700 3696 876 3781 prouincia
893 3696 1056 3764 dioecesis
1072 3695 1263 3776 leodiensis,
1278 3696 1386 3781 patria
1401 3719 1483 3764 vero
1497 3699 1609 3764 Peer...

404 3807 440 3871 q.
460 3787 654 3868 Antequam
667 3786 870 3854 Societatem
883 3786 1092 3871 ingrederer,
1106 3785 1183 3852 dedi
1196 3785 1303 3871 primo
1318 3807 1453 3872 operam
1471 3785 1570 3852 literis
1582 3781 1610 3846 in

408 3872 528 3960 patria,
546 3873 669 3941 deinde
685 3873 860 3952 Coloniae,
879 3895 919 3940 ac
940 3875 1076 3941 tandem
1095 3873 1130 3939 in
1150 3873 1295 3960 collegio
1315 3874 1511 3960 germanico
1531 3889 1610 3960 pert

405 3983 526 4029 annos:
544 3961 649 4028 literis
665 3973 839 4047 praeterea
854 3962 1121 4041 humanioribus,
1136 3962 1216 4030 item
1229 3962 1471 4048 philosophiae,
1485 3964 1532 4029 sic
1543 3981 1610 4047 ope·

408 4073 479 4116 ram
500 4051 643 4129 nauaui,
666 4062 703 4116 ut
724 4045 869 4135 aliquem
893 4051 929 4116 in
951 4051 1034 4136 ipsis
1053 4051 1159 4117 videri
1182 4051 1307 4137 possim
1329 4051 1450 4118 secisse
1470 4069 1611 4137 progres·
1730 4117 1731 4120 ,

408 4161 524 4206 surn...
549 4157 598 4206 12.
613 4142 689 4227 Jam
706 4151 822 4206 sextus
834 4139 949 4225 agitur
961 4161 1084 4221 annue,
1098 4163 1141 4208 ex
1154 4162 1222 4224 quo
1233 4162 1308 4206 sum
1325 4153 1503 4225 susceptus
1519 4137 1612 4226 primo
1730 4151 1731 4226 ᾗ

405 4249 427 4294 a
445 4231 484 4294 P.
509 4227 647 4296 Simone
666 4228 701 4294 in
721 4229 938 4308 Lumbardia,
956 4229 992 4294 in
1007 4228 1153 4314 collegio
1168 4228 1368 4314 patauino...
1397 4249 1447 4312 14.
1469 4231 1547 4298 Sum
1565 4247 1613 4292 sa·

411 4379 619 4388 —a-*n———n-u·

464 4463 469 4492 ¹
509 4461 596 4514 Extat
610 4465 760 4529 praeterea
773 4458 859 4526 (ibid.
879 4459 911 4514 11.
930 4459 993 4532 532,
1007 4459 1071 4529 533)
1082 4462 1161 4518 aliud
1174 4433 1298 4516 examen
1312 4461 1449 4532 Gregorii
1460 4460 1536 4517 Fabii
1544 4473 1612 4513 anno

410 4531 476 4598 1567
488 4531 639 4602 scripturn,
651 4530 700 4585 ubi
711 4530 875 4585 sacerdotio
886 4531 1032 4587 initiatum
1044 4533 1172 4606 seipsum
1184 4547 1260 4589 anno
1273 4531 1352 4605 1560,
1362 4543 1393 4590 et
1403 4533 1536 4590 Coloniae
1543 4547 1613 4586 conr-

406 4602 586 4657 mensalibus
599 4609 741 4674 perpetuo
756 4601 919 4674 praefuisse
933 4611 1068 4659 testatur.
