3604 5380
369 485 405 555 78
792 478 826 533 P.
846 477 987 532 Nactus
1005 477 1171 532 Eanum.

370 657 458 717 rum,
475 645 510 702 et
525 631 667 721 exposui
682 631 859 700 commode
874 629 966 696 illam
983 629 1137 716 regulam
1156 631 1179 710 ¹,
1201 639 1236 697 et
1256 630 1372 715 curauj
1394 639 1432 694 vt
1455 632 1496 697 P.
1519 630 1594 698 Leo

368 751 533 819 scriberet
545 771 606 836 pro
618 748 749 836 regula,
763 759 798 815 et
810 745 930 832 scripsi
941 765 1019 832 ego,
1035 765 1122 828 quae
1135 745 1216 813 152
1225 745 1319 812 volui
1331 765 1407 815 esse
1418 755 1535 832 parata
1546 746 1592 812 ad

370 867 536 934 edendam
551 862 813 932 declarationem
829 873 865 931 et
879 859 1071 948 apologiam
1087 859 1177 927 illius
1192 862 1344 948 regulae.

436 979 588 1067 Rogauit
602 999 657 1045 me
673 978 772 1046 enixe
791 975 904 1045 Toleti
925 975 1040 1042 nutrix
1061 975 1220 1063 Philippi,
1244 976 1412 1045 Eleonora
1432 978 1591 1044 Mascba-

369 1095 475 1179 renia,
494 1095 618 1163 nobilis
633 1093 744 1181 virgo,
763 1103 799 1159 vt
810 1092 949 1160 domum
971 1091 1046 1158 eius
1057 1102 1092 1161 et
1103 1113 1236 1178 agrum,
1252 1091 1310 1178 qui
1322 1115 1366 1161 ex
1377 1093 1483 1158 altera
1494 1099 1592 1178 parte

369 1211 457 1299 Tagi
473 1210 609 1298 respicit
625 1208 846 1296 Vlysiponam
863 1205 1049 1298 [viderem],
1066 1209 1154 1276 velle
1174 1229 1211 1275 se
1231 1207 1393 1276 sacellum
1414 1206 1482 1274 illic
1496 1205 1592 1274 aedi-

369 1328 484 1409 ficare,
501 1336 568 1394 etc.
588 1327 669 1392 Erat
684 1345 739 1390 res
754 1322 883 1410 grauis;
901 1323 1038 1408 petebat
1053 1322 1144 1389 enirn
1160 1322 1228 1389 illic
1239 1322 1402 1390 constitui
1413 1345 1519 1390 vnum
1531 1333 1593 1389 aut

369 1444 514 1511 alterum
529 1441 752 1508 sacerdotem.
770 1440 847 1506 Non
861 1437 956 1524 potui
969 1451 1082 1505 tamen
1092 1437 1177 1505 illud
1189 1459 1258 1504 non
1269 1437 1432 1524 polliceri,
1447 1450 1482 1506 et
1493 1439 1593 1506 inue-

369 1558 444 1626 nire
455 1556 730 1640 rationem,quae
743 1555 869 1622 faceret
888 1554 895 1643 Ι
913 1564 951 1619 vt
963 1577 1005 1623 ex
1017 1553 1174 1621 instituto
1185 1552 1270 1619 illud
1281 1575 1356 1622 esse
1367 1554 1591 1635 videretur,si

370 1672 637 1759 coniungeretur
647 1670 793 1756 collegio
805 1669 915 1736 sancti
925 1668 1081 1754 Antonij,
1094 1680 1132 1734 vt
1143 1669 1264 1736 domus
1276 1667 1508 1738 recreationis.
1521 1669 1593 1737 Ve-

371 1788 497 1868 nimus,
514 1785 661 1852 vidimus
676 1786 801 1865 locum,
820 1784 881 1852 sed
895 1785 987 1852 bona
1002 1763 1100 1871 virgo
1112 1783 1258 1851 mutauit
1270 1784 1485 1864 sententiam,
1500 1786 1593 1869 quod

372 1902 471 1970 nobis
486 1900 551 1968 fuit
565 1911 714 1989 gratum.
729 1901 781 1966 lta
791 1899 907 1969 euenit
930 1910 969 1965 vt
984 1899 1031 1965 illi
1047 1901 1328 1984 obsequeremur,
1341 1899 1397 1966 cui
1408 1899 1591 1986 plurimum

371 2018 519 2086 debebat
534 2015 699 2096 Societas,
718 2025 753 2084 et
769 2036 831 2081 nos
847 2036 951 2083 onere
965 2016 1169 2084 leuaremur.

440 2132 595 2220 Egimus,
614 2141 718 2216 atque
733 2131 819 2197 adeo
834 2129 1064 2197 laborauimus
1084 2129 1120 2196 in
1139 2130 1437 2198 accommodandis
1452 2131 1465 2164 ¹
1482 2141 1594 2199 statu-

374 2247 418 2314 tis
429 2246 661 2314 vniuersitatis
673 2245 860 2326 cumensis,
875 2269 947 2315 rem
959 2255 1073 2312 tarnen
1084 2266 1146 2331 pro
1158 2256 1239 2311 voto
1259 2245 1488 2332 transegimus
1503 2247 1595 2334 apud

373 2361 590 2429 cardinalem.
609 2361 670 2427 Illa
685 2361 766 2428 153
786 2360 943 2446 probauit
959 2359 1108 2446 optimus
1127 2359 1297 2446 princepe,
1314 2369 1526 2430 reseruatum
1543 2373 1598 2428 ta-

374 2498 453 2544 men
468 2474 631 2543 iudicium
644 2475 813 2562 generalis
825 2473 1018 2562 praepositi.
1242 2563 1245 2570 ⁴

439 2590 544 2660 Dedit
560 2591 680 2678 regina
695 2589 777 2657 mihi
794 2589 828 2656 in
849 2589 1011 2657 viaticum
1033 2607 1098 2674 500
1124 2605 1156 2662 Δ
1182 2611 1316 2672 aureos,
1339 2613 1382 2660 ex
1401 2591 1526 2678 quibus
1541 2613 1597 2658 re-

374 2707 511 2776 seruaui
528 2723 582 2791 50:
601 2705 748 2791 reliquos
764 2708 906 2773 Romam
927 2705 1045 2772 curaui
1065 2705 1260 2787 mittendos,
1282 2728 1361 2773 curn
1381 2706 1505 2793 quibus
1521 2707 1598 2775 misi

374 2843 441 2906 400
456 2822 636 2911 (arbitror),
654 2842 741 2906 quos
756 2822 897 2890 dederat
912 2823 981 2887 don
992 2821 1146 2908 Ignatius
1157 2822 1305 2909 collegio
1316 2821 1426 2890 sancti
1438 2823 1594 2908 Antonij,

374 2961 450 3006 sum
467 2936 557 3004 enirn
572 2936 814 3023 interpretatus
833 2958 909 3005 esse
928 2935 1012 3002 mihi
1031 2936 1204 3024 integrum
1223 2937 1314 3004 illam
1334 2937 1597 3024 applicationem

375 3074 550 3135 reuocare,
573 3051 771 3138 praesertim
792 3073 897 3138 quum
921 3051 1095 3120 videretur
1120 3052 1203 3119 illud
1223 3066 1318 3120 certo
1337 3075 1407 3120 non
1429 3055 1598 3122 alfinnare

374 3169 445 3234 don
466 3167 632 3254 lgnatius,
655 3178 690 3236 et
712 3178 825 3234 tamen
845 3189 886 3236 ea
906 3168 949 3234 de
969 3187 1006 3233 re
1027 3189 1119 3234 nunc
1141 3168 1273 3235 dubito.
1295 3169 1398 3236 Dedit
1423 3179 1600 3255 praeterea

378 3283 506 3349 mulam
521 3282 698 3370 egregiam
714 3283 845 3370 regina.
868 3284 874 3372 Ι

441 3397 576 3464 Placuit
603 3397 685 3464 mihi
712 3401 931 3466 vehementer
957 3419 1041 3484 puer
1067 3422 1136 3468 rex.
1153 3399 1377 3486 Fungebatur
1396 3401 1604 3470 institutoris

375 3513 488 3580 officio
503 3535 583 3580 cum
595 3515 709 3581 fructu
722 3516 761 3581 P.
777 3514 973 3582 Ludouicus
985 3515 1168 3600 Gonpales.
1184 3514 1251 3583 Hic
1263 3538 1323 3603 per
1335 3517 1450 3586 literas
1461 3518 1601 3604 Araozij

376 3629 526 3716 cognoui
543 3632 584 3696 P.
601 3630 630 3695 F
631 3629 821 3696 ranciscum
839 3629 1017 3698 emersisse
1034 3632 1209 3716 Bajonam.
1223 3631 1369 3720 Scripsit
1380 3632 1462 3702 item
1473 3633 1546 3721 ipse
1557 3635 1603 3700 ad

376 3763 431 3810 me
446 3753 481 3810 et
497 3743 588 3810 misit
604 3743 731 3827 literaS,
749 3765 835 3829 quas
846 3745 938 3812 illinc
950 3746 994 3812 ad
1006 3747 1132 3812 multos
1143 3747 1295 3814 dederat.
1314 3749 1389 3814 Has
1403 3769 1471 3835 ego
1486 3748 1602 3816 literas

375 3860 561 3926 debueram
584 3859 807 3945 supprimere,
830 3861 921 3946 quod
942 3881 1001 3946 per
1021 3861 1277 3948 incogitantiam
1298 3883 1367 3929 non
1388 3863 1464 3930 feci.
1488 3866 1603 3932 Araoz

377 3973 574 4041 mirabiliter
595 3976 867 4058 conquerebatur
887 3986 922 4044 et
946 3976 1158 4044 exclamabat
1179 3977 1222 4044 ad
1246 3977 1337 4044 illam
1357 3977 1604 4065 profectionem

375 4090 458 4157 Μ
480 4099 515 4158 et
534 4089 662 4171 literas,
685 4111 770 4174 quas
785 4089 932 4156 misisset
948 4112 1053 4176 quum
1069 4091 1215 4176 primum
1226 4092 1376 4162 venisset
1390 4093 1428 4159 in
1442 4093 1603 4175 Galliam,

377 4203 523 4290 quasiex
529 4203 644 4272 hostili
656 4226 694 4273 se
705 4204 965 4286 confirmans,et
976 4215 1199 4274 contemnens
1211 4208 1512 4290 aduersarios,etc.
1527 4209 1608 4276 Non

378 4319 490 4386 solum
505 4318 564 4406 qui
579 4340 652 4386 non
667 4320 756 4388 bene
772 4319 955 4406 cupiebant
976 4322 1016 4387 P.
1040 4321 1235 4404 Francisco,
1253 4323 1314 4392 sed
1330 4323 1490 4392 beneuoli
1504 4322 1610 4392 etiam

437 4595 445 4628 ¹
483 4593 552 4663 Ms,
564 4595 687 4668 regula.

432 4686 444 4717 ¹
481 4681 550 4754 Ma,
563 4685 795 4740 accomodantr's.
