3504 5386
377 463 431 518 m
803 454 907 508 Errsr.
927 453 960 508 P.
982 452 1184 510 Nion-338

378 623 461 688 gere
477 615 511 672 et
527 603 676 671 scriuere
692 626 789 675 come
805 606 828 672 il
843 605 1011 692 piscatore
1026 607 1082 673 dal
1103 627 1182 675 esca
1203 627 1282 674 cum
1304 608 1335 673 la
1351 608 1453 691 quale
1468 607 1556 694 cupri
1572 610 1592 672 l'

379 721 492 801 ham0‚
510 731 577 786 etc.

445 853 477 916 4.
527 835 623 901 Tutti
638 857 700 923 per
715 837 827 924 gratia
841 839 931 904 dello
947 837 1073 925 Signor
1088 837 1196 904 siamo
1215 837 1502 906 mediocramente
1516 839 1590 916 nani,

379 961 507 1017 essetto
522 951 546 1016 il
563 951 741 1032 Siluestro,
759 964 795 1020 et
809 963 934 1019 stamo:
953 950 1137 1034 sacerdoti,
1161 972 1215 1036 103
1233 951 1387 1039 magistri
1407 973 1477 1018 non
1493 973 1591 1020 sacer-

379 1065 464 1147 doti,
483 1067 516 1146 63
535 1068 791 1134 annumerando
807 1066 830 1132 il
846 1069 1023 1135 Vrezzano
1039 1067 1110 1156 [sic]
1127 1061 1163 1135 'et
1179 1070 1317 1136 Matheo
1337 1066 1387 1159 [?];
1409 1067 1592 1134 scholariin
1717 1073 1718 1130 ἒ

312 1227 318 1240 .
379 1179 538 1266 phissica,
559 1202 590 1265 33
610 1181 643 1247 in
661 1181 785 1269 logica,
803 1202 837 1265 43
856 1183 891 1248 in
907 1183 1088 1264 rhetorica,
1107 1201 1139 1264 23
1154 1183 1189 1248 in
1205 1182 1392 1263 humanitat,
1407 1205 1488 1264 vno;
1502 1183 1592 1250 coad-

379 1295 521 1381 giutori,
540 1297 573 1376 6;
588 1296 644 1362 alli
657 1297 789 1383 qualisi
805 1296 911 1384 iunge
927 1297 950 1364 il
966 1301 1006 1364 P.
1024 1301 1128 1367 Petro
1145 1301 1238 1364 Phae
1255 1301 1261 1331 ¹
1276 1309 1311 1364 et
1323 1297 1347 1362 il
1361 1299 1400 1364 P.
1416 1299 1593 1366 Bertrando

380 1430 458 1476 cum
480 1411 648 1478 Siluestro
672 1413 776 1479 fanno
797 1411 820 1478 il
841 1435 984 1482 numero
1004 1413 1039 1479 di
1061 1430 1101 1498 35
1124 1435 1283 1499 persone,
1305 1415 1337 1479 le
1357 1415 1459 1498 quale
1482 1412 1594 1480 viueno
1718 1419 1719 1482 l

380 1537 472 1592 sotto
488 1527 701 1595 l'obedienza
715 1529 804 1594 della
819 1526 1044 1614 Compagnia.

448 1657 478 1725 5.
525 1642 551 1708 ll
570 1644 608 1708 P.
630 1644 733 1712 Petro
750 1645 844 1710 Phae
860 1643 987 1710 incirca
1003 1646 1036 1711 la
1052 1643 1201 1712 restiuita
1223 1644 1279 1709 del
1300 1644 1422 1710 Natale
1436 1641 1466 1708 si
1481 1641 1593 1728 partin

380 1778 458 1824 cum
480 1759 594 1823 buona
614 1758 755 1824 volunta
774 1759 830 1826 del
852 1761 949 1825 Rm0.
973 1757 1233 1839 archiuescouo,
1251 1759 1318 1826 allo
1335 1757 1473 1844 qualeii
1494 1758 1593 1824 Padre

379 1871 588 1960 prouinciale
610 1883 645 1938 et
665 1872 698 1938 io
719 1875 865 1941 hanemo
886 1872 1023 1940 visitato
1042 1874 1078 1940 in
1102 1865 1288 1957 Withlich,¹
1307 1874 1398 1942 doue
1418 1869 1593 1940 anchorali

380 1988 475 2073 parlo
487 1989 530 2054 V.
551 1989 591 2054 R.
613 1991 667 2067 P.‚
687 2000 721 2057 et
736 1991 756 2054 e
772 1999 862 2055 stato
878 1999 1041 2057 contento
1057 1992 1122 2058 che
1137 1989 1160 2054 il
1175 1990 1270 2056 detto
1287 1992 1325 2055 P.
1340 1991 1444 2056 Petro
1456 1987 1504 2054 sia
1516 1988 1593 2056 della

381 2102 606 2190 Compagnia‚
625 2116 659 2172 et
674 2106 762 2172 vada
777 2107 820 2170 ad
836 2127 882 2170 vn
897 2106 984 2172 altro
1000 2105 1146 2192 collegio
1157 2106 1202 2170 ad
1214 2111 1343 2190 tempus
1360 2105 1458 2170 fuora
1468 2103 1502 2169 di
1518 2105 1593 2171 Tre·

381 2238 473 2284 uere.
493 2219 658 2304 Speramo
673 2222 738 2286 che
753 2241 831 2286 cum
848 2221 872 2286 il
891 2232 1011 2288 senato
1026 2232 1061 2288 et
1079 2219 1219 2287 citadini
1238 2221 1388 2286 anchora
1407 2219 1436 2286 si
1456 2220 1526 2286 sara
1539 2220 1594 2284 che

380 2354 460 2400 cum
482 2335 598 2400 buona
617 2335 758 2401 volunta
778 2337 852 2402 loro
872 2334 901 2401 si
923 2333 1030 2402 faccia
1052 2334 1075 2400 il
1100 2345 1199 2402 tutto.
1223 2317 1251 2401 E
1277 2333 1301 2400 il
1321 2335 1417 2400 detto
1440 2337 1478 2400 P.
1503 2336 1594 2400 Petro

380 2471 519 2535 apresso
533 2449 568 2514 di
589 2451 662 2516 loro
685 2449 720 2515 in
744 2451 859 2516 buona
878 2449 1093 2518 estimatione
1113 2461 1148 2518 et
1169 2452 1328 2516 l’amano
1352 2449 1390 2517 si
1411 2449 1594 2514 mandaria

378 2565 522 2632 Colonia
537 2564 560 2630 il
577 2568 617 2633 P.
638 2568 742 2634 Petro
759 2569 864 2635 Phae.

446 2681 478 2748 6.
528 2682 676 2766 Quando
691 2703 806 2750 eramo
822 2704 900 2749 cum
917 2683 939 2748 il
957 2686 1070 2764 Rm0.,
1094 2682 1243 2768 parlamo
1259 2683 1362 2747 molte
1378 2700 1473 2760 cose,
1495 2689 1528 2746 et
1540 2697 1593 2764 par

380 2815 440 2880 per
457 2806 544 2864 tutte
561 2797 610 2863 sia
626 2798 692 2864 ben
708 2797 869 2879 animato;
888 2813 921 2866 et
939 2799 1073 2865 odendo
1088 2799 1153 2865 che
1172 2798 1205 2863 la
1226 2795 1385 2882 fameglia
1405 2805 1493 2862 tutta
1511 2795 1523 2828 ⁸
1542 2813 1592 2860 era

380 2909 560 2993 crescium,
574 2910 603 2978 si
615 2933 787 2999 prornesse
799 2913 833 2978 di
846 2914 939 2978 voler
951 2915 1024 2994 dar,
1037 2914 1125 2979 oltra
1136 2913 1169 2978 la
1180 2933 1313 2978 somma
1323 2931 1448 2989 annua,
1460 2909 1593 2995 qualche

381 3025 499 3092 adiuto
511 3026 545 3091 di
559 3027 729 3095 frumento
740 3039 774 3094 et
787 3028 879 3107 vino,
899 3049 965 3094 non
982 3026 1240 3095 determinando
1252 3025 1386 3093 interim
1399 3025 1542 3111 quando,
1555 3045 1594 3088 ne

380 3143 490 3207 anche
503 3153 643 3227 quanto.
663 3143 771 3228 Spero
786 3143 842 3209 nel
858 3143 986 3229 Signor
1000 3145 1064 3209 che
1080 3162 1176 3208 come
1192 3142 1225 3208 fa
1241 3141 1265 3205 il
1280 3139 1351 3228 piu,
1368 3139 1442 3206 cioe
1457 3137 1595 3206 chiamar

381 3256 447 3322 alla
462 3255 675 3342 Compagnia
694 3257 848 3339 alchuni,
871 3261 935 3325 che
956 3259 1103 3324 anchora
1124 3256 1312 3342 prouederr‘r
1331 3255 1419 3321 della
1434 3263 1595 3322 sustenta·

383 3369 475 3439 tione
491 3373 575 3452 loro,
594 3373 616 3438 il
633 3377 697 3441 che
717 3377 737 3440 ἐ
756 3374 862 3440 molto
881 3375 1044 3452 mancho,
1067 3373 1212 3440 essendo
1232 3373 1298 3438 che
1320 3370 1343 3436 il
1364 3369 1472 3455 primo
1491 3389 1556 3435 non
1569 3365 1594 3430 si

382 3489 452 3572 pud
469 3488 519 3553 sar
534 3510 635 3555 senza
653 3489 759 3571 Iddio,
778 3489 801 3555 il
816 3491 965 3556 secondo
981 3491 1049 3574 puo
1066 3489 1117 3554 iar
1132 3489 1284 3553 l'huomo
1300 3487 1372 3553 solo
1387 3505 1489 3551 senza
1500 3481 1595 3570 parti·

383 3604 477 3669 cular
493 3604 635 3691 adgiuto
650 3603 685 3670 di
700 3605 778 3672 Dio.
797 3607 896 3674 Della
909 3604 1108 3672 fundatione
1119 3603 1209 3671 dello
1220 3601 1368 3688 collegio
1381 3621 1449 3666 non
1461 3599 1491 3666 si
1502 3597 1595 3663 tratto

383 3717 417 3782 in
434 3719 638 3804 particulare
654 3720 682 3786 si
698 3741 768 3786 non
784 3723 822 3786 in
834 3741 974 3808 genera,
989 3741 1086 3787 come
1097 3720 1181 3787 altre
1197 3719 1289 3786 volte
1305 3719 1414 3786 anche
1430 3716 1512 3784 fece.

451 3851 483 3918 7.
532 3835 740 3904 L’essercitii
752 3837 840 3904 delle
852 3837 968 3904 schole
982 3857 1096 3903 vanno
1108 3835 1195 3901 assai
1211 3836 1310 3903 bene.
1325 3833 1481 3900 Hauemo
1492 3827 1524 3896 di
1537 3827 1596 3912 360

384 3951 529 4018 auditori
552 3952 713 4019 ordinarii
735 3963 863 4018 essetto
883 3951 986 4036 quelli
1007 3952 1096 4019 della
1117 3949 1300 4036 theologia,
1322 3949 1345 4014 li
1370 3947 1460 4033 quali
1483 3944 1596 4012 adesso

384 4068 499 4134 hanno
524 4066 808 4136 incommenziato
835 4069 923 4134 nella
950 4069 1067 4133 schola
1092 4064 1283 4134 l'essercitii
1299 4063 1332 4130 di
1353 4063 1524 4149 disputare
1543 4057 1596 4146 piri

385 4181 682 4266 trequentemente
697 4194 732 4251 et
747 4185 896 4250 anchora
911 4183 945 4248 di
962 4183 1108 4268 ripetere
1124 4183 1158 4250 le
1172 4178 1316 4249 lettioni.
1336 4177 1398 4246 Fin
1411 4179 1526 4244 adesso
1542 4193 1597 4260 per

367 4305 370 4310 '
384 4297 496 4382 gratia
510 4298 566 4366 del
582 4291 712 4386 Signor
726 4319 795 4365 non
810 4301 956 4365 hauemo
972 4297 1082 4365 inteso
1098 4316 1179 4363 cosa
1194 4294 1397 4382 particulare
1413 4291 1498 4360 della
1508 4299 1598 4376 peste

438 4487 446 4519 ¹
485 4486 520 4540 P.
544 4487 650 4542 Petrus
667 4487 761 4554 Phae,
780 4487 851 4542 alias
869 4486 961 4540 Fahe.
983 4483 1033 4540 Cf.
1055 4486 1323 4550 Burunsnnmn,
1343 4483 1402 4540 loc.
1423 4480 1490 4550 cit„
1506 4477 1558 4544 111,
1570 4475 1597 4545 6,

384 4583 486 4632 annot.
510 4591 539 4644 4.

436 4668 448 4699 ²
487 4665 631 4737 Autogr.,
649 4669 741 4720 tatto.
