3604 5380
34 25 434 150 ...-

589 504 607 558 9
626 487 824 548 Samum
846 488 915 558 1562
1317 501 1368 560 109

138 643 266 710 errrbrar'
281 641 412 730 alguno
428 641 566 726 sinque
582 663 621 710 se
636 641 718 709 salte
738 641 808 708 alo
828 641 872 710 de
892 643 969 722 alla,
987 643 1019 709 le
1038 642 1145 730 podra
1164 640 1305 711 embiar.
1327 641 1367 711 si
1520 711 1522 720 .

141 779 185 826 en
205 756 319 826 viena
342 777 390 823 no
413 755 590 825 tuuiessen
610 757 703 826 buen
729 765 879 825 maestro
899 777 981 844 para
1005 777 1186 842 comenear
1205 758 1256 824 las
1277 766 1371 825 artes
1474 787 1479 792 ·

142 883 215 944 ente
227 883 309 954 ano,
325 891 406 940 creo
416 893 456 939 se
470 873 522 940 res
536 873 655 958 podria
669 871 800 940 embiar
814 871 859 938 de
875 873 995 954 Roma,
1013 871 1126 938 donde
1141 873 1277 958 quedan
1293 874 1370 940 har·

144 1001 196 1056 tos
213 987 324 1057 abires
341 989 398 1057 del
418 1009 521 1054 curso
540 987 584 1056 de
604 987 746 1056 Toledo.
770 988 811 1054 El
827 989 958 1054 Doctor
978 985 1112 1056 Madrid
1134 997 1306 1074 apuntaua
1327 987 1371 1054 de

144 1103 270 1172 embiar
285 1109 307 1170 a
322 1105 414 1171 Paez
432 1105 441 1137 ¹
458 1123 541 1189 para
556 1101 762 1189 Alemagna‚
779 1123 802 1188 y
818 1109 838 1170 a
854 1101 1056 1171 necessidad
1073 1101 1222 1169 tambien
1238 1101 1314 1169 dize
1332 1121 1372 1169 se

144 1219 259 1304 podria
274 1217 406 1287 embiar
422 1216 575 1286 Mariana
590 1217 616 1282 ¹.
640 1215 748 1284 Avise
768 1219 812 1286 V.
836 1219 878 1285 R.
902 1221 969 1302 que
988 1218 1020 1284 le
1041 1237 1164 1304 parece
1183 1219 1238 1285 del
1258 1239 1328 1284 uno
1348 1239 1372 1304 y

144 1333 197 1402 del
211 1344 301 1413 otro,
318 1353 451 1420 porque
465 1334 498 1400 el
513 1331 667 1400 Mariana
682 1353 804 1418 parece
820 1333 960 1400 todauia
976 1333 1009 1401 le
1024 1337 1182 1417 querrran
1199 1333 1264 1400 alla
1280 1342 1372 1402 rete·

145 1469 215 1531 ner,
233 1448 263 1516 si
279 1469 326 1516 no
336 1469 381 1534 ay
396 1446 610 1516 necessidad.

209 1565 302 1649 Aqui
318 1584 356 1630 se
372 1556 540 1631 embiana
557 1563 601 1629 V.
621 1564 662 1630 R.
681 1561 785 1630 letras
795 1563 840 1632 de
856 1563 993 1650 Espafla
1009 1582 1077 1647 que
1092 1568 1170 1650 aqut
1183 1566 1302 1632 hemos
1317 1585 1374 1634 re·

147 1679 298 1765 cebidoy
313 1677 418 1759 uist03
437 1699 460 1764 y
475 1697 540 1743 con
558 1686 632 1744 esto
648 1699 693 1743 no
709 1698 765 1746 me
776 1677 931 1762 alargare
943 1684 1028 1758 mas,
1042 1677 1116 1746 selo
1132 1677 1290 1748 diziendo
1306 1699 1375 1766 que

151 1795 191 1861 N.
205 1796 246 1862 P.
260 1816 283 1880 y
295 1795 347 1860 los
361 1793 481 1862 denas
496 1813 559 1858 nos
580 1791 869 1860 encomendamos
889 1795 1014 1859 mucho
1034 1813 1079 1860 en
1099 1795 1149 1860 las
1164 1793 1335 1864 orationes
1350 1813 1374 1878 y

151 1909 330 1978 sacrificios
346 1909 390 1975 de
407 1909 449 1975 V.
470 1909 511 1973 R.
531 1909 584 1974 De
600 1905 740 1986 Trento,
761 1925 780 1990 3
796 1906 840 1975 de
856 1906 1045 1976 Setiembre
1066 1909 1162 1992 1562.

716 2137 807 2201 m

551 2255 680 2310 mm
699 2255 754 2310 DE
777 2253 973 2314 MENDOZA

343 2371 528 2440 PATRI
560 2371 935 2440 HIERONYMO
974 2373 1184 2440 NADAL

484 2497 665 2554 normam,
683 2502 701 2557 9
717 2497 914 2542 sarraunrrrs
930 2487 998 2555 1562
1016 2487 1039 2541 ³.

396 2601 442 2658 De
455 2603 589 2673 quadam
600 2601 710 2676 gralia
722 2601 780 2658 sibi
788 2603 943 2674 promissa
956 2603 1128 2658 obtinenda.

221 2835 301 2920 Muy
316 2835 405 2902 Rdo.
429 2835 550 2903 Seror.
570 2835 620 2904 La
639 2857 701 2921 paz
721 2719 773 2903 dg
792 2845 934 2904 nuestro
961 2837 1073 2906 Senot
1100 2858 1159 2905 sea
1175 2857 1242 2902 con
1270 2837 1314 2904 V.
1335 2840 1377 2904 P.

162 2949 274 3015 Amen.
293 2951 376 3017 Esta
391 2972 429 3018 es
444 2971 526 3038 para
540 2950 637 3037 pedir
652 2957 673 3018 a
688 2953 731 3017 V.
752 2955 792 3019 Ρ.
811 2952 844 3018 la
860 2952 999 3037 palabra
1014 2972 1082 3037 que
1097 2975 1118 3020 a
1132 2973 1247 3020 nueue
1268 2973 1381 3022 meses

161 3083 222 3146 que
236 3085 289 3131 me
303 3063 395 3132 tiene
411 3065 499 3132 dada
520 3066 546 3147 ‘3
564 3087 586 3152 y
606 3065 636 3132 si
661 3065 768 3152 dijese
796 3087 864 3151 que
878 3087 917 3135 se
945 3089 1060 3135 mean
1086 3070 1196 3136 hecho
1224 3077 1320 3146 anos,
1335 3088 1383 3136 no

160 3197 231 3245 creo
243 3199 308 3264 que
323 3179 493 3248 mentiria.
514 3179 660 3248 Bendito
675 3201 736 3251 sea
750 3179 836 3248 Dios
852 3202 920 3267 que
935 3181 980 3248 da
995 3181 1170 3268 paciencia
1182 3203 1264 3268 para
1280 3204 1382 3270 espe-

210 3369 219 3401 ¹
253 3367 285 3422 P.
300 3366 432 3424 Didacus
445 3365 534 3439 Ραόι,
547 3366 584 3422 de
597 3385 656 3439 quo
668 3367 738 3424 vide
755 3367 922 3440 POLANCO,
944 3365 1074 3434 Chron„
1089 3367 1128 3436 V,
1143 3381 1208 3440 452,
1227 3377 1327 3426 annot.
1344 3383 1385 3440 1.,

163 3460 190 3508 et
200 3453 395 3525 Saccrnrrurr,
405 3457 490 3512 Hist.
506 3455 582 3522 Soc„
594 3465 668 3529 part.
683 3455 723 3526 1r,
734 3455 787 3516 lib.
800 3468 854 3526 vu,
866 3475 895 3512 n.
911 3468 956 3526 55.

210 3547 220 3580 ¹
254 3545 384 3618 joannes
394 3545 432 3602 de
445 3544 589 3601 Mariana.

210 3635 221 3668 ⁸
254 3635 298 3690 Ex
319 3636 514 3708 autographo,
537 3634 568 3692 in
591 3633 664 3690 Cod.
687 3635 735 3700 28,
758 3633 800 3706 b),
821 3634 911 3708 Hisp.
932 3635 1044 3710 Em,
1062 3635 1173 3708 duplici
1194 3636 1259 3708 fol„
1284 3635 1384 3692 186.-

48 3727 51 3768 ὶ
167 3722 211 3776 D?
220 3723 308 3779 Maria
319 3723 357 3779 de
371 3723 515 3779 Mendoza
526 3730 590 3779 erat
602 3723 662 3779 filia
675 3721 819 3780 Ludovici
828 3723 963 3778 Hurtado
976 3723 1015 3778 de
1032 3724 1185 3794 Mendoza,
1200 3724 1239 3780 de
1251 3741 1310 3797 quo
1322 3741 1388 3780 sae»

168 3809 223 3880 pius
234 3812 294 3868 int.
308 3813 323 3868 1
335 3829 434 3869 sermo
446 3810 513 3868 ruit.
527 3813 573 3868 De
591 3814 645 3868 hac
664 3809 797 3886 piissima
815 3811 930 3883 virgine
948 3814 1069 3884 longum
1090 3815 1234 3870 hebemus
1256 3813 1387 3884 elogium

167 3899 234 3969 apud
245 3899 648 3973 ΑωΑΖΑΩ,01ινοαο-Ηίεἰ.,
662 3903 722 3957 vol.
737 3902 774 3969 11,
796 3918 813 3957 a
832 3917 903 3973 pag.
929 3899 996 3972 613,
1018 3901 1095 3957 unde
1108 3902 1182 3956 haec
1199 3919 1292 3974 pauca
1302 3900 1388 3972 juvat

167 3987 359 4045 transcribere:
374 3989 420 4044 «Α
432 3988 593 4064 principiae
606 3988 644 4044 de
661 3989 848 4062 Sepfiembre
865 3989 960 4044 murid
975 3989 1108 4046 tambien
1125 3991 1216 4046 Dona
1234 3989 1339 4045 Marta
1351 3991 1389 4046 de

168 4073 307 4146 Μαιὼια,
319 4095 379 4150 que
388 4080 457 4134 avia
468 4075 598 4133 fundado
608 4086 729 4134 nuestro
742 4077 877 4150 Collegio
890 4077 927 4133 de
941 4078 1077 4134 Alcala...
1097 4079 1159 4134 Fue
1178 4079 1269 4134 Dona
1281 4079 1389 4134 Maria

167 4163 198 4220 de
209 4163 345 4224 Menam
354 4166 416 4240 hija
427 4167 466 4224 de
479 4169 546 4224 Don
560 4167 630 4222 Luis
643 4167 778 4222 Hurtado
790 4166 828 4223 de
842 4167 1015 4240 Mendozay
1028 4168 1065 4222 de
1079 4169 1164 4222 Dona
1182 4167 1339 4224 Cathalina
1350 4167 1390 4223 de

168 4251 305 4329 Mendoza,
317 4258 490 4330 Marqueaes
502 4255 540 4312 de
550 4255 714 4328 Mondejar.
732 4257 767 4312 El
778 4257 915 4328 Marques
932 4254 982 4312 fue
1000 4254 1175 4311 Presidente
1191 4255 1241 4309 del
1259 4255 1390 4326 Consejo

169 4339 230 4399 Rea!
240 4345 275 4400 de
286 4345 446 4403 Castilla...
461 4343 553 4402 Naci6
566 4347 594 4401 el
608 4345 657 4401 dr'a
668 4344 706 4402 de
717 4347 744 4400 la
755 4344 950 4401 Purificacion
963 4344 1000 4400 de
1014 4346 1042 4399 la
1051 4344 1166 4420 Virgen
1178 4345 1206 4400 el
1219 4348 1275 4399 aiio
1288 4344 1325 4399 de
1336 4344 1391 4414 526

170 4432 237 4486 ere}
249 4433 407 4490 Alhambra
421 4432 459 4488 de
472 4432 609 4490 Granada
625 4427 764 4505 de‘cuyo
785 4433 890 4504 Reyno
912 4432 939 4488 el
960 4433 1100 4504 Marques
1120 4448 1171 4487 era
1191 4429 1317 4503 Capitan
1331 4431 1390 4488 Ge-

171 4521 269 4578 wal.»

215 4613 225 4643 ⁸
258 4611 387 4682 Scilicet,
400 4609 520 4685 quando
529 4611 609 4668 illam
619 4613 750 4670 officiose
763 4611 877 4680 invisit,
890 4619 923 4666 ut
935 4611 999 4683 ipse
1009 4611 1043 4666 P.
1058 4611 1152 4666 Nadal
1165 4617 1281 4666 enarrat
1291 4610 1322 4665 in
1328 4617 1349 4666 t.
1364 4609 1390 4679 1,

266 4805 350 4852 Bam.
364 4805 393 4852 P.
409 4807 512 4864 mnu,
527 4815 584 4854 τοι.
599 4805 631 4854 11.
763 4837 776 4858 .
1241 4805 1255 4847 ⁹
