3604 5380
744 423 848 478 Eeiss.
869 421 902 476 P.
923 419 1131 476 Nion-208

886 689 978 752 eoi

699 807 733 862 P.
753 805 1017 864 HIERONYMUS
1036 806 1176 862 NADAL

583 925 1037 1014 PATRIJACOBO
1069 927 1295 994 LAINEZ

638 1062 800 1106 cotom
812 1047 859 1122 (2),
873 1063 968 1106 cneci
982 1063 1017 1120 24
1028 1063 1106 1118 JULH
1126 1049 1195 1120 1562
1210 1055 1232 1105 ¹.

322 1155 427 1226 Hujus
449 1157 591 1228 epistolae
613 1158 795 1212 mentionem
811 1157 889 1229 fecit
908 1157 1061 1214 Poloncus
1077 1158 1111 1214 in
1127 1159 1254 1230 epistota
1268 1161 1309 1214 od
1326 1160 1364 1213 P.
1380 1158 1484 1214 Nadot
1500 1159 1572 1213 sub·

377 1264 408 1300 n.
420 1259 472 1300 211
476 1246 589 1318 posito,
603 1245 666 1315 ubi,
677 1247 858 1318 responderis
868 1248 909 1301 oct
919 1247 1038 1302 litteras
1044 1245 1167 1302 Natalis
1175 1249 1258 1303 cirea
1267 1249 1347 1302 diem
1358 1262 1397 1316 24
1403 1246 1488 1319 Julii
1501 1249 1557 1304 da-

376 1337 434 1395 tos,
448 1333 653 1388 delectoribus
666 1335 708 1388 ad
724 1334 886 1406 collegium
908 1352 1145 1390 cameracensem
1168 1336 1325 1391 mittendis
1343 1339 1372 1390 et
1387 1335 1423 1390 de
1444 1335 1560 1390 viatico

377 1423 451 1493 ipsis
460 1425 659 1494 promerendo
667 1424 745 1496 ogit.
766 1425 854 1494 Quae
867 1441 937 1479 vero
950 1425 986 1479 cie
1002 1426 1055 1479 hoc
1071 1427 1192 1498 negotio
1208 1425 1365 1497 scripserit
1381 1425 1421 1478 P.
1441 1424 1559 1488 Nodol,

375 1509 472 1582 refert
484 1512 547 1582 ipse
561 1511 713 1567 Polaticus
725 1514 759 1567 in
771 1511 899 1585 epistola
911 1514 952 1567 oct
970 1515 1008 1570 P.
1026 1513 1154 1568 Modrid
1167 1527 1202 1569 to
1221 1513 1402 1586 Septembris
1422 1515 1507 1582 dato,
1519 1530 1561 1568 ex

377 1616 438 1669 quo
455 1601 528 1654 haec
544 1601 731 1656 desumimus
742 1602 777 1656 in
797 1602 1039 1674 supplementum
1061 1603 1203 1675 epistolae
1224 1604 1399 1676 archetypoe
1422 1601 1559 1668 Natalis,

380 1703 471 1756 quam
485 1687 607 1757 quidem
617 1705 678 1742 non
687 1687 843 1743 habemm.

396 1872 453 1913 ιι...
480 1847 635 1914 Ysoriue
650 1850 680 1914 et
696 1851 740 1915 P.
760 1849 802 1914 M
803 1852 862 1915 ,tro
884 1849 1002 1916 Nodol
1017 1870 1080 1936 que
1090 1857 1292 1936 procuratio
1308 1871 1372 1936 que
1392 1851 1422 1915 et
1441 1849 1558 1934 obispo

327 1962 368 2027 de
386 1961 556 2048 Combray
572 1965 717 2029 embiase
733 1965 869 2044 uittico;
881 1985 957 2030 mos
970 1966 1076 2050 quest
1088 1986 1132 2030 no
1144 1965 1305 2052 tlegaseci
1318 1967 1449 2052 tiempo,
1462 1985 1558 2030 noso

328 2078 496 2143 doxassen
508 2079 549 2144 de
565 2079 707 2161 embiar,
723 2101 808 2145 aoro
824 2100 882 2145 seo
894 2080 1102 2146 tomcindotos
1113 2081 1294 2166 prestodos
1308 2081 1349 2145 cie
1373 2081 1452 2161 aue,
1468 2101 1556 2145 ooro

331 2213 389 2257 seo
405 2193 612 2258 tomcindolos
626 2195 648 2258 ά
664 2195 803 2275 cambio
812 2203 945 2281 porque
957 2196 1136 2283 tepogorct
1147 2196 1384 2282 etprouinciat
1395 2195 1437 2262 de
1448 2196 1557 2260 Flan—

331 2309 400 2388 des,
425 2309 609 2394 ytombie'n
625 2311 786 2376 remitirtt
801 2312 850 2377 tos
865 2312 1014 2391 dineros,
1030 2313 1063 2376 si
1074 2313 1144 2378 atti
1155 2333 1191 2378 se
1206 2317 1362 2378 tomaren
1378 2312 1400 2376 ά
1416 2311 1558 2388 cambio·

328 2446 352 2510 y
367 2424 447 2489 seri
462 2430 630 2490 menester
645 2427 817 2493 ouisortes
832 2427 932 2514 luigo
948 2448 1011 2513 que
1027 2428 1062 2492 ta
1073 2433 1178 2515 gente
1192 2448 1228 2494 se
1245 2429 1370 2514 ymbio,
1386 2435 1479 2513 pora
1494 2446 1560 2512 que

327 2546 475 2626 porigam
490 2560 533 2606 en
544 2541 651 2606 orden
667 2543 720 2607 los
735 2563 830 2608 cosas
846 2543 1121 2608 necessarios...»

903 2775 997 2840 ΜΒ

729 2893 763 2948 P.
778 2893 1064 2951 GUNDISALVUS
1078 2892 1159 2947 VAZ

584 3009 742 3075 PATRI
773 3011 1094 3079 HIERONYMO
1126 3010 1309 3076 NADAL

670 3154 854 3214 enicem,
868 3142 885 3197 3
898 3155 1036 3200 Auoosu
1052 3142 1120 3212 1562
1132 3145 1155 3197 ¹.

336 3271 361 3314 1.
381 3256 511 3313 Nuntios
520 3259 556 3313 cie
566 3257 675 3314 itinere
688 3259 795 3314 Patris
807 3260 911 3315 Nodol
923 3261 1156 3315 desiderat-2.
1177 3257 1223 3312 De
1235 3274 1293 3311 suo
1306 3257 1563 3329 aegrotatione.-

385 3363 410 3418 3.
426 3347 608 3403 Provinciae
615 3348 744 3420 collegio
756 3349 1038 3421 perlustravit-4.
1052 3347 1182 3403 Litteras
1192 3347 1285 3401 Patri
1290 3346 1434 3420 generali
1442 3346 1565 3400 troden-

387 3438 443 3491 dos
455 3437 562 3492 mittit.

904 3566 978 3652 Jhs.

407 3723 436 3772 1.
485 3708 568 3790 Muy
590 3706 676 3771 Rdo.
700 3728 743 3773 en
764 3708 830 3772 X.0
851 3707 973 3774 Padre.
998 3711 1069 3774 Pax
1085 3707 1144 3774 x.i
1158 3709 1316 3792 Despues
1337 3725 1404 3789 que
1424 3709 1444 3769 i
1462 3703 1503 3769 28
1515 3701 1560 3768 de

332 3820 437 3910 Junio
453 3821 566 3905 reqebi
591 3841 660 3886 una
679 3823 723 3889 de
747 3823 791 3888 V.
814 3824 856 3888 R.
878 3822 922 3889 de
942 3823 1069 3889 Tolosa
1087 3824 1131 3888 de
1151 3824 1283 3904 Franoa
1304 3821 1330 3901 ³,
1352 3840 1467 3886 nunca
1488 3822 1562 3882 mis

335 3947 420 4004 tuue
437 3957 569 4004 nueuas
580 3957 697 4022 suyas,
714 3958 814 4004 cossa
825 3959 893 4024 que
903 3940 1029 4004 mucho
1045 3959 1184 4006 auemos
1200 3943 1261 4003 act
1280 3936 1439 4004 deseado.
1458 3935 1562 4020 Espe-

336 4057 494 4120 rtuamos
509 4073 551 4118 su
567 4051 702 4140 llegada
718 4054 750 4120 al
771 4052 928 4138 coneilio,
951 4074 1050 4119 como
1067 4065 1221 4122 tenemos
1242 4051 1427 4121 entendido
1448 4069 1515 4135 que
1530 4049 1564 4116 el

337 4169 450 4236 Padre
465 4168 606 4254 general
623 4173 715 4236 tenta
734 4169 919 4235 ordenado.
939 4171 991 4234 De
1007 4189 1049 4234 su
1064 4168 1200 4254 liegada
1219 4189 1282 4234 nos
1303 4167 1567 4234 consolariamos

390 4385 397 4416 ¹
435 4383 479 4435 Ex
493 4382 665 4452 archetypo,
680 4380 710 4436 in
725 4379 798 4435 Cod.
814 4380 907 4444 PLB,
921 4379 1031 4452 duplici
1044 4379 1095 4436 iol.
1111 4391 1144 4449 55
1158 4377 1222 4447 (336
1236 4385 1289 4448 v.).

387 4473 398 4504 ²
436 4470 480 4524 Ex
493 4471 665 4541 archetypo,
676 4469 706 4524 in
719 4467 791 4524 Cod.
808 4483 852 4540 32,
866 4470 963 4525 Lusit.
978 4469 1088 4543 Epist,
1099 4468 1188 4524 unico
1197 4469 1261 4541 ioh,
1277 4482 1334 4539 199.
1348 4467 1460 4525 Ultima
1474 4467 1566 4521 verba

333 4557 375 4612 D.
398 4559 430 4612 V.
446 4558 481 4612 R.
497 4566 527 4612 et
540 4559 719 4630 subscriptio
731 4567 801 4614 sunt
810 4557 906 4613 Patris
916 4559 979 4613 Vaz
991 4559 1182 4630 autographa.

390 4649 401 4680 ³
439 4646 505 4701 Non
517 4647 661 4702 habemus
674 4649 749 4704 hanc
763 4648 928 4721 epistolam.
