3666 5384
775 486 843 555 1558
1387 497 1422 555 59

198 642 384 721 Bobadilla,
404 640 488 708 nihil
503 640 539 706 in
556 638 730 720 Pontium,
749 637 833 704 nihil
848 637 884 704 in
900 637 984 704 alios
1004 638 1125 706 statuit
1145 637 1305 724 grauius,
1324 638 1421 724 quasi

197 757 307 824 omnia
332 758 437 826 vellet
463 754 678 843 benignitate
694 753 808 840 potius
829 765 864 821 et
884 752 1050 820 charitate
1086 753 1235 834 tractari,
1264 764 1299 822 et
1330 755 1422 822 bono

199 873 306 960 magis
321 893 426 959 quam
443 873 533 938 malo
548 870 630 938 duci
645 879 841 936 nostrorum
857 867 989 935 animos
1007 869 1030 933 ¹⁴.

262 990 381 1074 Quum
397 987 520 1057 seditio
532 989 616 1054 haec
628 986 776 1054 serueret
788 984 922 1064 acriter,
936 1006 979 1054 ex
995 982 1044 1051 rei
1064 983 1269 1072 indignitate
1284 1009 1424 1073 permo-

199 1113 252 1170 tus
269 1106 308 1170 P.
327 1101 462 1170 Natalis
478 1102 638 1168 inuectus
653 1100 688 1167 in
705 1099 917 1167 Bobadillam
932 1110 969 1168 et
988 1099 1248 1187 subscriptores:
1275 1101 1344 1185 «Si,
1368 1102 1424 1168 in·

198 1217 280 1304 quit,
295 1217 444 1286 vicarius
457 1239 527 1284 non
542 1228 594 1286 est
612 1219 652 1283 P.
671 1219 818 1302 LayneS,
833 1237 901 1301 ego
917 1237 1006 1298 sum,
1019 1225 1055 1283 et
1068 1217 1179 1284 habeo
1198 1215 1204 1306 l
1224 1218 1422 1304 obsignatas

200 1345 352 1422 patentes
368 1357 388 1400 a
406 1336 446 1400 P.
465 1331 611 1420 lgnatio.
631 1331 714 1401 Sine
730 1334 851 1398 horum
870 1330 1002 1418 (inquit)
1024 1331 1136 1417 capita
1156 1331 1238 1398 mihi
1257 1353 1422 1401 exercen-

198 1451 241 1517 da
266 1451 301 1538 (t)
330 1451 356 1516 ¹:
386 1471 454 1536 ego
482 1448 558 1515 illos
586 1469 627 1516 eo
655 1445 808 1534 redigam
836 1457 874 1512 vt
902 1455 935 1513 te
962 1445 1157 1514 auidissime
1184 1458 1302 1534 petant
1332 1448 1422 1516 vica·

200 1565 284 1632 rium
302 1567 335 1627 ³»
353 1565 411 1633 hic
427 1565 477 1652 (l),
495 1586 601 1650 quum
618 1563 734 1630 nullus
750 1564 892 1629 verbum
909 1561 1106 1643 addidisset,
1121 1563 1235 1629 statim
1248 1565 1360 1631 soluta
1371 1574 1424 1633 est

200 1679 434 1768 congregatio.

263 1795 492 1864 Habebantur
503 1793 804 1882 congregationes,
817 1793 879 1862 sed
890 1792 1110 1859 obseruatum
1122 1803 1176 1861 est
1187 1794 1339 1862 obfuisse
1351 1797 1425 1863 illas

203 1933 267 1978 non
283 1911 511 1980 mediocriter.
531 1912 582 1977 Eo
598 1923 750 1995 tempore
767 1908 831 1974 fuit
848 1907 1028 1974 inchoatus
1044 1907 1080 1973 in
1094 1909 1241 1996 collegio
1257 1909 1313 1978 ille
1328 1933 1422 1992 vsus,

203 2027 257 2112 qui
271 2036 391 2114 postea
407 2024 555 2092 obtinuit
571 2024 605 2090 in
619 2023 803 2106 societate,
818 2034 855 2088 vt
867 2023 903 2089 in
913 2021 1102 2090 vacationis
1114 2021 1291 2117 [tempore]
1303 2026 1424 2095 fierent

201 2141 450 2212 enerssfflcitia
464 2153 499 2208 et
514 2140 591 2221 alia,
610 2137 900 2219 mortificationes,
919 2149 985 2206 etc.

265 2261 334 2325 lam
349 2259 484 2324 firmata
499 2278 583 2343 pace
599 2255 687 2322 inter
704 2253 898 2341 Philippum
919 2264 954 2321 et
976 2255 1134 2335 Paulum,
1158 2255 1247 2323 serio
1266 2259 1427 2326 euocauit

205 2377 319 2442 Patres
333 2373 482 2440 vicarius
497 2374 541 2440 ad
552 2370 857 2458 congregationem
873 2371 1082 2456 generalem,
1097 2380 1134 2435 vt
1146 2372 1370 2440 conuenirent
1381 2376 1425 2441 ad

204 2489 402 2576 principium
437 2489 508 2576 unij
526 2485 669 2574 proximi
686 2485 766 2554 anni
787 2487 882 2570 1558.

268 2605 492 2693 Migrauimus
507 2627 551 2672 ex
567 2604 669 2670 domo
685 2602 741 2669 illa
752 2603 943 2690 propinqua
955 2602 1131 2673 Mineruae
1143 2606 1186 2672 ad
1197 2607 1335 2674 domum
1348 2608 1426 2676 Sal-

207 2721 285 2788 uiati
301 2721 343 2789 ad
359 2723 507 2808 plateam
523 2719 615 2787 vlmi.
639 2719 835 2787 Detulimus
857 2739 920 2785 nos
939 2739 1076 2786 omnem
1096 2721 1362 2807 suppellectilem
1383 2725 1427 2790 ad

208 2857 327 2904 nouam
341 2837 497 2917 domum,
514 2835 611 2902 nullo
630 2834 683 2900 vsi
699 2833 813 2902 baiulo
828 2833 1061 2902 mercennario
1085 2836 1110 2901 ⁴:
1125 2847 1306 2922 antequam
1328 2861 1371 2907 ex
1385 2861 1426 2906 ea

208 2953 304 3021 domo
318 2952 556 3040 migraremus,
575 2950 640 3016 fuit
654 2950 834 3016 immodica
853 2949 911 3016 illa
925 2948 1116 3018 inundatio:
1138 2951 1144 3040 Ι
1164 2951 1352 3020 dimisimus
1372 2954 1422 3021 iu-

210 3066 316 3135 niores
331 3078 368 3136 et
382 3065 620 3134 imbecilliores
635 3066 679 3132 ad
694 3075 829 3152 patrum
846 3068 996 3147 domum;
1015 3087 1078 3132 nos
1099 3067 1285 3136 mansimus
1305 3071 1349 3136 ad
1369 3090 1415 3153 40

208 3193 243 3248 et
256 3193 325 3250 tota
339 3195 392 3251 est
412 3183 535 3249 domus
555 3180 632 3248 altis
652 3179 750 3266 aquis
769 3179 990 3248 circumdata.
1014 3179 1205 3250 Timuimus
1225 3183 1426 3271 periculum,
1507 3229 1511 3240 ·

208 3299 266 3364 aed
281 3297 363 3366 nihil
378 3307 557 3386 acceptum
574 3307 627 3366 est
641 3294 847 3365 detrimenti.

272 3533 359 3600 1⁰8
572 3541 577 3550 ·
762 3538 846 3594 1558

277 3769 469 3852 Antequam
485 3764 642 3832 venirent
659 3767 791 3848 Patres,
810 3763 966 3851 concepit
982 3774 1018 3833 et
1033 3765 1141 3832 edidit
1157 3770 1259 3836 Pater
1281 3769 1429 3838 vicarius

219 3901 254 3949 12
270 3903 426 3963 canones,
445 3879 504 3968 qui
523 3879 787 3949 aduenientibus
807 3879 968 3948 Patribus
988 3882 1203 3949 traderentur
1222 3885 1428 3954 obseruandi

213 3998 254 4064 ad
269 3998 504 4084 synceritatem
520 3995 708 4064 electionis.
728 3996 775 4063 Hi
791 4015 940 4066 canones
961 3997 1088 4084 recepti
1108 4009 1202 4081 sunt,
1221 4011 1257 4068 et
1274 4002 1428 4087 vsurpati

213 4113 247 4179 in
260 4115 363 4200 prima
377 4124 414 4183 et
431 4131 484 4181 aa
502 4112 782 4201 congregatione,
801 4113 936 4180 tametsi
951 4135 1021 4180 non
1039 4111 1271 4207 probabatlur]
1292 4117 1332 4184 P.
1356 4119 1429 4187 Na-

213 4229 269 4295 tali
287 4231 488 4318 exemplum,
505 4240 543 4296 vt
558 4238 674 4316 posset
689 4227 836 4296 vicarius
863 4229 1094 4315 praescribere
1121 4232 1340 4316 electoribus
1364 4236 1430 4303 nisi

266 4447 274 4479 ¹
307 4445 502 4515 Saccnruru,
513 4445 569 4499 loc.
584 4443 648 4515 cit,
663 4461 692 4497 n.
706 4441 751 4512 89.

265 4537 277 4568 ¹
308 4535 409 4594 Lectio
421 4534 522 4590 dubia.

266 4625 278 4656 ³
308 4627 535 4696 limicarius.

268 4715 280 4746 ⁴
310 4713 775 4784 Saccmuusloc.cit.,n.9r.
