3526 5380
601 517 636 576 27
655 507 828 563 Fsaausan
848 508 915 578 1503
1315 512 1367 569 223

134 660 241 747 fesor
256 659 298 726 de
313 659 348 725 la
362 679 470 745 repara
489 660 498 693 ¹
514 659 555 724 de
572 659 692 738 Roma,
708 659 853 744 espaaol,
866 683 890 746 y
904 666 977 727 otro
993 661 1134 728 italiano
1151 664 1175 744 ¹,
1191 685 1255 750 quc
1270 667 1366 731 sirac

142 776 184 840 de
199 775 353 862 theologo
368 774 421 840 del
443 775 574 854 nuntio,
588 795 610 860 y
630 775 665 838 ai
685 775 728 840 P.
754 774 893 842 Cannio
908 798 969 842 con
989 779 1019 844 el
1034 777 1186 865 Stdphilo
1202 781 1226 858 ⁸;
1243 780 1368 847 laolldsc

141 891 173 956 ol
188 891 236 956 P.
256 889 372 955 Nodal
387 909 429 954 en
450 889 628 975 Hispruoh
647 889 783 973 quondo
803 889 972 960 huuieron
991 893 1032 958 de
1051 893 1118 959 dor
1136 895 1170 958 lo
1191 899 1366 980 respuam

142 1005 192 1070 los
215 1010 289 1070 tras
309 1003 478 1091 theologos
496 1024 539 1069 en
555 1005 669 1092 fuera
688 1003 741 1068 dea
759 1003 921 1089 Staphilo,
940 1027 1004 1092 que
1023 1029 1067 1072 no
1086 1029 1148 1074 era
1167 1010 1290 1075 uenido
1305 1011 1367 1095 ⁴;y

142 1120 256 1206 oyrcdd
270 1119 391 1184 mucha
407 1119 430 1183 ά
446 1119 551 1184 hezer
568 1139 631 1204 que
646 1119 698 1184 los
714 1125 905 1204 respueras
914 1123 1061 1210 sucsscn
1082 1124 1246 1210 talesque
1269 1145 1314 1189 no
1333 1146 1368 1190 se

139 1234 359 1320 periudicase
373 1253 416 1299 en
432 1255 509 1299 oosa
524 1235 687 1320 ninguno
703 1233 738 1299 la
753 1235 952 1300 auctoritati
963 1236 1004 1301 de
1016 1237 1137 1302 losada
1153 1240 1332 1324 apostilicae
1344 1242 1368 1318 ⁸;

139 1349 236 1436 yesi
251 1369 293 1414 cn
304 1349 450 1434 picticae
466 1370 528 1413 con
543 1349 592 1414 los
608 1369 671 1434 quc
680 1349 811 1433 podien
826 1354 922 1416 tener
937 1353 1137 1417 auctoridad
1156 1372 1200 1418 cn
1219 1358 1285 1419 esta
1305 1375 1366 1420 na-

141 1465 244 1552 gooio
258 1463 303 1528 ha
319 1463 420 1528 hacho
435 1485 478 1529 su
493 1463 608 1528 deucr.
635 1463 667 1528 Y
671 1470 802 1548 porquc
817 1465 847 1529 el
862 1466 987 1531 nuncio
998 1467 1169 1551 Delphino
1175 1470 1367 1554 prandia,

140 1579 286 1664 demnas
301 1599 365 1664 que
380 1599 416 1644 se
426 1576 588 1663 partiaci
603 1577 716 1642 doctor
733 1578 908 1666 Conisioy
924 1581 1006 1645 uino
1027 1582 1057 1645 el
1076 1580 1238 1667 Stiphane,
1263 1583 1368 1650 lanzer

140 1701 252 1780 copaz
270 1694 293 1758 ά
313 1693 361 1760 Su
382 1691 565 1780 rhogcshad
584 1714 607 1778 y
626 1691 661 1756 ol
680 1691 778 1758 dicho
797 1693 948 1779 staphile
968 1695 1008 1760 de
1029 1716 1092 1780 que
1114 1695 1145 1760 el
1162 1704 1255 1784 papo
1278 1709 1369 1766 esset

145 1819 262 1895 pastor
277 1806 479 1874 uniuersalis
493 1806 670 1887 ecclesiae,
681 1807 808 1892 pididla
819 1829 887 1902 ,que
901 1809 1038 1875 mucoso
1053 1811 1205 1897 algunns
1218 1814 1364 1878 auctori·

142 1924 251 1989 andes
266 1923 306 1988 de
322 1923 549 2007 importantia
559 1929 653 2007 para
667 1923 868 1989 mostrorlas
883 1930 953 1989 esto
969 1926 1111 2006 uerdad,
1124 1948 1147 2012 y
1161 1928 1216 1992 asi
1231 1928 1367 2014 colligit

144 2039 176 2104 cl
191 2041 235 2104 P.
254 2038 362 2105 Natal
377 2036 514 2102 muchoc
529 2035 671 2124 lugeres
685 2040 765 2122 (que
780 2059 856 2103 creo
870 2040 999 2104 scrinio
1013 2041 1089 2106 mas
1104 2040 1144 2106 de
1161 2040 1218 2125 80)
1227 2043 1295 2128 ylla
1310 2042 1369 2114 dio

141 2159 247 2238 parte
261 2153 365 2218 denos
380 2151 429 2216 los
443 2152 519 2216 mas
534 2150 706 2238 escogidos
717 2173 751 2238 y,
766 2152 878 2239 segu'n
893 2153 924 2218 el
937 2155 1057 2219 nuntio
1072 2157 1217 2243 referia,
1230 2157 1286 2221 did
1301 2162 1368 2222 esto

149 2269 182 2332 io
198 2268 283 2333 uida
298 2268 333 2332 ol
347 2265 499 2351 Staphilo
514 2267 541 2348 ⁰,
555 2287 578 2352 y
589 2273 656 2351 por
671 2271 820 2332 uentura
833 2268 980 2333 tombidn
991 2269 1013 2332 ά
1025 2274 1117 2334 otros
1129 2291 1192 2355 quc
1204 2273 1320 2336 anian
1334 2273 1368 2336 Ia

204 2491 212 2522 ¹
251 2487 318 2542 «Fr.
333 2485 504 2541 Franciscus
517 2483 554 2540 de
567 2482 715 2556 Corduba,
732 2483 942 2552 franciscanus,
960 2487 1044 2559 cujus
1061 2487 1188 2543 iamiiiae
1206 2505 1366 2545 sacramen-

150 2586 210 2632 tum
223 2575 299 2632 dixit
311 2573 518 2642 salmanticae,
532 2571 716 2644 Principibus
730 2573 837 2630 Mariae
851 2575 1030 2648 Imperatrici
1043 2576 1255 2632 Germanorum
1268 2577 1366 2634 Caroli

147 2661 280 2736 Augusti
291 2661 381 2734 filiae,
393 2679 480 2735 quarn
494 2661 524 2717 in
536 2661 723 2717 Germaniam
736 2663 892 2719 comitatus
906 2671 967 2736 est,
980 2672 1139 2738 posteaque
1152 2665 1189 2720 ad
1206 2682 1259 2721 nos
1271 2684 1368 2722 rever-

148 2770 212 2824 sus,
225 2754 330 2808 Annae
343 2749 516 2806 Austriacae
529 2748 736 2821 Hispaniarum
749 2751 880 2821 Reginae
893 2751 1103 2807 conscientiam
1120 2753 1305 2826 expiantibus
1318 2773 1368 2811 au-

149 2827 553 2914 respraebuit...»'N1001.as
566 2838 725 2903 ΑΝΤοΝιο,
738 2839 920 2896 Bibliotheca
931 2842 1061 2913 hispana
1070 2859 1148 2896 nova
1157 2843 1278 2910 (Matriti
1291 2842 1369 2913 1783)

150 2931 173 2999 1,
187 2931 251 3000 41⁶·
265 2929 314 2984 Cf.
327 2929 416 2983 etiam
428 2925 467 2982 de
479 2929 535 2982 hoc
548 2925 689 2999 scriptore
706 2927 858 2998 Josuusu
877 2943 898 2983 a
914 2927 1044 2985 Sancto
1058 2929 1216 3003 Antonio,
1234 2932 1362 2989 Biblini.

146 3019 239 3074 unia.
249 3017 464 3090 franciscana,
478 3016 504 3087 1,
516 3013 584 3084 377.

203 3111 216 3142 ⁸
250 3106 308 3162 Hic
321 3113 384 3161 erat
396 3105 552 3177 episcopus
565 3103 734 3175 pedinensis
747 3104 871 3176 electus,
884 3105 921 3160 de
939 3123 996 3178 quo
1013 3106 1134 3162 nuntius
1147 3107 1280 3164 Dolfinus
1298 3109 1367 3164 scri·

150 3197 239 3251 bebat
251 3193 288 3250 ad
301 3196 415 3266 legatos
427 3191 546 3248 concilii
564 3207 596 3246 se
611 3201 777 3248 curaturum
791 3201 823 3248 ut
837 3193 912 3249 inter
929 3195 1080 3264 theologos
1098 3212 1114 3250 a
1131 3212 1249 3252 caesare
1265 3215 1368 3253 consu-

149 3283 252 3339 lendos
264 3289 481 3350 recenseretur,
495 3289 597 3352 utpote
610 3281 660 3353 qui
672 3289 773 3352 gratus
785 3289 847 3336 erat
860 3283 917 3354 ipsi
928 3283 1054 3354 caesari,
1067 3291 1098 3339 et
1116 3286 1154 3339 ab
1166 3300 1202 3339 eo
1218 3295 1366 3358 presenta-

150 3381 199 3427 tus
216 3371 309 3428 tuerat
322 3371 359 3426 ad
372 3369 472 3426 sedern
491 3367 692 3446 pedinensem,
709 3386 785 3443 quae
803 3380 894 3427 morte
912 3371 1033 3443 Joannis
1050 3373 1209 3429 Zachariae
1227 3377 1362 3432 vacabat.

150 3461 323 3518 UGHRLLUS
334 3468 433 3515 autem
447 3458 556 3530 (ltalia
568 3476 667 3524 sacro,
682 3458 719 3526 V,
732 3457 808 3530 473),
821 3461 893 3514 haec
910 3461 1021 3515 scribit:
1041 3462 1107 3516 «Fr.
1130 3462 1234 3518 Daniel
1251 3464 1367 3519 Barboli

150 3547 243 3604 nobili
252 3565 363 3620 genere
377 3555 559 3621 procreatus,
573 3546 682 3602 ordinis
700 3546 826 3619 Praed.,
844 3548 950 3619 Joanni
967 3549 1124 3604 Zachariae
1144 3559 1235 3606 morte
1251 3553 1366 3608 sublato

146 3637 290 3694 suffoetrn
304 3644 351 3692 est
363 3651 382 3705 4
394 3633 475 3707 Junii
490 3633 593 3704 1563.»

200 3724 214 3758 ⁸
248 3724 414 3781 Fridericus
432 3723 581 3796 Staphilus
599 3723 799 3780 universitatis
821 3723 1058 3795 ingolstadiensis
1075 3727 1319 3798 superintendens
1335 3739 1366 3784 et

149 3813 293 3886 professor
305 3816 343 3870 ab
356 3830 432 3868 anno
448 3816 530 3883 1560.
547 3811 597 3868 cf.
614 3813 879 3881 Basuusaaaoaa,
893 3815 951 3870 loc.
968 3814 1037 3885 cit.,
1048 3816 1072 3883 1,
1084 3827 1145 3884 5573
1156 3823 1187 3870 et
1198 3815 1365 3874 Chronieon

149 3903 300 3974 Poenam,
313 3902 368 3972 IV,
381 3913 445 3970 254;
459 3909 490 3957 et
503 3901 541 3972 V,
554 3900 621 3970 248.

206 3992 217 4024 ⁴
251 3989 397 4047 Antonius
410 3990 501 4045 Maria
511 3988 656 4057 Gratiani,
666 3989 716 4062 qui
725 3989 1102 4046 Commendonoasecretis
1112 4000 1143 4048 et
1151 3992 1280 4048 consiliis
1290 4005 1363 4064 erat,

149 4079 224 4133 baec
235 4077 412 4152 Oeniponte,
427 4077 460 4132 16
472 4078 623 4134 Februarii
638 4076 716 4148 1563,
730 4076 886 4134 referebat:
899 4080 971 4134 «Fra
983 4079 1081 4152 questi
1093 4081 1220 4152 theologi
1233 4081 1365 4156 deputati

151 4183 212 4222 non
222 4169 264 4223 s'e
277 4184 381 4224 ancora
393 4165 597 4222 comminciato
609 4184 626 4222 a
638 4173 758 4222 trattare
770 4183 839 4222 cosa
850 4170 953 4224 alcuna
965 4176 996 4224 et
1008 4169 1037 4223 lo
1049 4168 1150 4224 Stafilo
1162 4173 1247 4228 none
1260 4189 1364 4229 ancora

150 4255 283 4326 gionto...
296 4258 353 4312 Fra
374 4255 395 4312 li
412 4254 546 4328 deputati
565 4255 582 4310 ὲ
599 4271 704 4310 ancora
721 4256 889 4327 Monsignor
906 4257 1121 4328 Cinquechiese
1138 4268 1168 4315 et
1185 4261 1204 4315 il
1221 4262 1363 4317 Petenen·

147 4361 236 4402 κ...»
248 4345 290 4400 Ex
302 4345 378 4401 Brit.
395 4345 530 4400 Museum
542 4344 671 4415 Egerton
681 4343 758 4400 Cod.
774 4355 870 4413 1.o77,
880 4343 935 4402 iol.
949 4359 1011 4418 247,
1022 4347 1071 4418 ff.,
1082 4349 1158 4420 apud
1168 4345 1361 4421 Ddeetneaa,

151 4431 303 4506 Boiorige,
316 4433 372 4500 111,
384 4431 451 4490 323.

207 4522 218 4554 ⁸
250 4521 298 4578 ct.
312 4518 509 4588 Donamoss,
519 4521 576 4576 loc.
591 4520 643 4576 cit.
653 4563 660 4593 ,
670 4517 798 4592 324·329;
809 4528 839 4576 et
847 4521 1071 4595 Pannavrcmo,
1082 4525 1141 4582 loc.
1154 4524 1222 4593 cit„
1232 4526 1284 4582 lib.
1295 4525 1359 4594 XX,

148 4625 221 4680 cap.
235 4623 278 4666 tv.

207 4699 217 4732 ⁸
251 4698 378 4755 Nuntius
390 4697 523 4754 Dolfinus
535 4699 608 4754 haec
620 4697 657 4754 de
670 4697 802 4768 Staphilo
817 4698 964 4756 referebat
975 4699 1090 4769 legatis:
1111 4703 1268 4760 ‹rconuerrh
1285 4704 1360 4760 refe-
