3666 5384
835 375 903 446 155³
1442 391 1474 450 19

246 522 468 592 Collationes
492 528 620 596 multae
647 527 784 597 habitae
809 550 830 594 a
856 526 1015 614 prandio,
1039 549 1127 613 quae
1157 549 1228 596 non
1255 529 1394 596 suerunt
1421 528 1475 594 in-

246 638 359 706 utiles
378 641 401 705 ¹.

322 821 352 885 5
372 838 398 886 v
679 823 923 906 Coninonms,
946 841 1059 890 sarno

323 986 391 1055 Hic
406 989 497 1057 serio
512 991 617 1059 habui
637 991 902 1076 exhortationes,
920 1002 955 1060 et
974 991 1176 1059 examinaui:
1194 991 1311 1058 audiui
1330 1013 1475 1080 genera-

248 1104 305 1172 les
324 1103 572 1174 confessiones:
591 1108 730 1175 fuerunt
746 1118 825 1174 vota
840 1117 1015 1174 renouata.
1030 1106 1188 1173 Instituta
1200 1117 1252 1175 est
1263 1106 1385 1174 domus
1395 1129 1475 1193 pro-

247 1218 414 1287 bationis.
434 1223 562 1309 Magna
587 1222 744 1290 alacritas
772 1233 807 1291 et
833 1223 1043 1290 confirmatio
1070 1222 1105 1288 in
1129 1222 1300 1289 fratribus.
1330 1223 1477 1290 Habitae

243 1335 451 1403 collationes
471 1358 542 1403 non
560 1337 804 1406 infructuosae.
837 1337 1004 1406 Ordinata
1031 1341 1164 1421 domus,
1197 1339 1297 1407 datae
1323 1340 1475 1426 regulae,

246 1449 394 1518 relictus
410 1450 520 1518 Miron
543 1463 582 1518 vt
597 1475 638 1522 ea
658 1463 897 1538 exequeretur,
920 1474 1007 1540 quae
1028 1453 1189 1521 dixeram.
1214 1455 1289 1541 Ego
1305 1475 1383 1520 cum
1402 1455 1476 1522 Go-

247 1563 348 1631 dinio
364 1565 628 1652 Compostellam
649 1565 763 1659 [veni],
786 1569 879 1653 quod
894 1567 1027 1636 dixerat
1043 1568 1083 1635 Ρ.
1103 1567 1267 1656 Ignarus,
1286 1579 1323 1636 vt
1338 1591 1477 1656 agerem

247 1675 322 1772 [de]
337 1679 496 1767 collegio,
515 1683 608 1767 quod
624 1681 692 1750 illic
708 1693 780 1750 erat
796 1684 826 1750 (l
846 1682 914 1750 iam
930 1681 1158 1764 aedificatum,
1176 1693 1212 1751 et
1227 1683 1388 1771 cupiebat
1401 1705 1478 1751 car-

249 1793 379 1862 dinalis
394 1797 679 1883 compostellanus
694 1798 768 1864 dari
784 1797 958 1867 Societati.
981 1797 987 1887 Ι

461 1978 519 2043 Au
535 1976 572 2045 S.
591 1977 739 2045 anrcrs
756 1997 802 2044 ar
819 1977 856 2045 S.
875 1978 1024 2044 Ionnnrs
1043 1995 1275 2045 uounsrsnm

322 2143 478 2213 Intellexi
494 2143 711 2225 dificultates,
730 2166 815 2230 quas
831 2145 934 2213 habet
949 2143 1102 2214 Societas
1120 2144 1155 2209 in
1171 2143 1236 2212 illis
1251 2145 1476 2232 monasterijs,
1560 2117 1566 2137 i

250 2267 289 2324 et
306 2257 378 2323 vidi
393 2280 469 2326 esse
484 2259 714 2328 necessarium
732 2272 767 2326 vt
788 2259 943 2329 Societas
963 2261 1098 2329 leuetur
1118 2280 1200 2326 eura
1215 2258 1271 2327 illa
1290 2260 1478 2328 animarum

245 2374 310 2442 vel
342 2373 445 2440 dandi
475 2377 657 2461 parochos,
692 2373 772 2442 Vidi
803 2375 884 2443 item
915 2397 991 2444 esse
1017 2374 1141 2442 dificile
1164 2373 1232 2441 illic
1269 2375 1387 2445 viuere
1411 2398 1478 2455 po-

252 2499 361 2572 suos,
380 2500 446 2558 etc.
461 2491 487 2556 ².

328 2670 354 2733 ⁷
370 2687 396 2735 v
721 2669 1014 2737 Conrosramns

324 2837 439 2904 Primo
454 2836 510 2907 die
525 2837 613 2907 male
625 2837 742 2920 habui,
756 2849 793 2904 vt
805 2848 960 2924 putarem
971 2860 1043 2904 non
1054 2860 1109 2905 me
1121 2824 1303 2925 quicduam
1315 2838 1477 2926 postq'die

252 2951 449 3044 [acturum];
463 2963 498 3020 et
511 2964 625 3021 tamen
632 2956 721 3022 bene
732 2953 848 3020 habui.
864 2952 1056 3042 Singularis
1071 2953 1259 3021 consolatio
1272 2953 1423 3040 spiritus,
1442 2965 1477 3021 et

250 3068 316 3134 lux
335 3069 502 3153 quaedam
529 3068 565 3135 in
581 3070 707 3156 templo
726 3070 763 3138 S.
794 3067 919 3136 lacobi.
946 3069 1089 3156 Egimus
1108 3069 1151 3136 dc
1172 3069 1329 3157 collegio;
1358 3091 1477 3138 verum

249 3182 416 3270 exiguam
430 3205 526 3270 spem
542 3182 772 3271 concepimus.
792 3183 968 3271 Redijmus
979 3183 1210 3252 Coninbriam.

323 3363 352 3430 8
714 3363 959 3445 Conruamna,
979 3366 1026 3430 2.⁰

322 3533 372 3599 Ibi
399 3533 559 3601 inchoaui
579 3535 660 3601 dare
680 3533 940 3614 instructioneS‚
971 3554 1055 3618 quas
1076 3535 1147 3602 fere
1167 3553 1300 3619 semper
1321 3533 1400 3598 dedi
1420 3555 1476 3602 re-

248 3649 427 3736 spondens
442 3647 700 3729 dificultatibus,
719 3669 807 3733 quae
823 3646 905 3714 mihi
917 3646 1206 3735 proponebantur,
1228 3649 1283 3716 vel
1305 3669 1390 3733 quas
1410 3668 1477 3736 ego

250 3785 299 3832 ex
314 3762 507 3830 visitatione
523 3762 738 3850 colligebam.
757 3762 825 3830 Hic
841 3761 924 3828 nihil
941 3773 1014 3831 erat
1029 3761 1154 3829 dificile
1175 3764 1214 3829 P.
1239 3763 1358 3845 Leoni3
1381 3773 1478 3832 erant

250 3877 392 3946 Mironi:
419 3889 539 3965 postea
566 3877 622 3947 ille
643 3881 654 3912 ⁸
675 3881 895 3946 vehementer
921 3876 1108 3958 dubitauit,
1131 3878 1186 3944 cui
1208 3877 1272 3945 fuit
1298 3899 1476 3946 necessum

248 3992 388 4062 absenti
403 3994 608 4080 respondere
624 3994 649 4059 ⁴.

305 4327 315 4360 ¹
352 4325 415 4381 Fol.
430 4337 446 4394 5
459 4343 483 4380 r.
498 4341 624 4380 vacuum
635 4323 771 4380 relictum
784 4334 841 4379 est.

304 4416 316 4449 2
354 4413 403 4469 Nil
415 4413 446 4469 in
458 4412 509 4470 fol.
523 4425 540 4484 7
556 4431 584 4470 v.
598 4414 740 4487 scriptum
752 4411 818 4468 fuit.

307 4505 320 4536 ³
355 4501 423 4574 Ma,
437 4503 500 4559 itti.

305 4595 318 4627 ⁴
354 4589 737 4665 Infol.8v.nilscriptum
749 4591 815 4648 tuit.
