3634 5396
775 452 941 513 Asprumx
1416 455 1473 525 673‘

236 601 402 684 scribere,
421 624 499 670 cum
516 625 618 672 nemo
632 602 845 685 rescriberet;
862 605 924 670 sed
940 603 1038 672 iustis
1053 605 1335 692 occupationibus
1345 607 1470 674 vestris

244 691 371 759 factum
388 713 463 760 esse
479 693 590 772 vide0,
609 693 700 778 quod
720 691 832 760 minus
854 693 1042 773 caeleriter,
1068 715 1170 778 quam
1193 695 1385 781 cupiebam,
1411 719 1468 763 re-

244 801 408 867 sponsum
424 781 549 866 accepi.
568 783 672 866 Quod
688 781 790 850 etiam
806 780 841 847 in
857 803 1002 853 messem
1013 784 1208 868 plocensem
1219 782 1391 870 operarios
1403 784 1469 850 mi-

245 869 368 951 seritis,
387 871 487 938 valde
502 869 585 936 mihi
600 881 736 957 gratum
753 869 820 936 fuit
833 891 1054 956 cognoscere:
1069 873 1151 938 faxit
1164 875 1259 939 Deus
1270 883 1307 938 vt
1320 873 1468 938 fructum

246 957 355 1026 ferant
371 958 558 1044 copiosum,
576 973 611 1026 et
626 969 663 1024 vt
679 957 802 1026 Vilnae
816 980 954 1044 quoque
972 971 1120 1026 vestram
1137 959 1341 1030 Societatem
1357 961 1469 1027 caele-

244 1046 316 1114 rius
330 1047 447 1116 videre
463 1069 596 1132 queam.
617 1049 675 1114 Est
692 1046 782 1114 enim
794 1057 865 1112 tota
877 1047 1066 1115 Lithwania
1078 1047 1280 1133 quibusdam
1292 1049 1469 1117 horrendis

243 1135 442 1204 haeresibus
458 1136 611 1223 grauiter
626 1136 784 1216 infaecta,
801 1156 931 1223 paucos
946 1137 1012 1202 iam
1024 1138 1058 1203 in
1071 1159 1112 1204 ea
1123 1136 1309 1204 catholicos
1321 1137 1469 1223 reperire

242 1222 335 1305 licet,
352 1247 396 1291 ex
410 1225 633 1292 nobilioribus
649 1224 838 1310 presertim.
857 1225 926 1293 Sed
942 1240 977 1292 et
993 1225 1029 1292 in
1044 1247 1152 1312 regno
1167 1225 1273 1292 nihilo
1288 1227 1469 1293 meliorest

236 1323 351 1381 status
366 1313 555 1400 religionis,
573 1335 676 1398 quam
692 1312 757 1378 fuit
773 1323 882 1380 antea.
902 1315 1021 1380 Ruunt
1036 1313 1072 1380 in
1092 1313 1243 1381 deterius
1263 1313 1389 1394 omnia,
1412 1336 1469 1381 sa-

242 1401 431 1470 thanismus
447 1402 549 1470 sumit
565 1402 668 1483 vireS,
686 1399 837 1486 quotidie
860 1403 974 1486 plures
994 1403 1037 1468 ab
1058 1402 1237 1470 haereticis
1258 1413 1469 1488 occupantur

232 1488 415 1557 ecclesiae.
434 1490 626 1578 Collegium
644 1503 757 1557 tamen
772 1492 1055 1576 Brunsbergense
1071 1513 1140 1558 non
1156 1490 1380 1576 poenitendos
1393 1492 1468 1558 fru-

234 1589 317 1644 ctus
333 1580 453 1660 adfert,
472 1579 653 1665 praecipue
669 1578 705 1645 in
725 1588 842 1646 tenera
857 1578 1038 1668 iuuentute
1054 1578 1274 1660 instituenda,
1293 1590 1328 1648 et
1344 1580 1379 1646 in
1395 1579 1468 1647 dies

241 1666 348 1734 maior
363 1668 402 1734 fit
417 1689 459 1736 eo
474 1689 673 1748 concursus,
691 1667 848 1752 quamuis
863 1667 947 1734 nihil
963 1667 1168 1736 intentatum
1184 1667 1346 1736 haeretici
1362 1667 1464 1736 relin-

235 1766 360 1840 quant,
377 1765 414 1822 vt
431 1766 588 1842 parentes
604 1757 808 1837 deterreant,
827 1756 1009 1841 quominus
1024 1755 1149 1824 liberos
1164 1778 1206 1823 eo
1222 1777 1303 1824 suos
1316 1755 1465 1837 mittant,

236 1853 278 1912 et
297 1855 350 1912 est
371 1867 425 1912 res
444 1867 514 1945 non
534 1845 644 1932 magis
663 1844 885 1912 admiratione
905 1866 1006 1929 quam
1030 1843 1326 1912 commiseratione
1346 1844 1464 1930 digna,

239 1934 334 2017 quod
350 1935 465 2000 nullus
485 1936 596 2002 adhuc
616 1933 779 2002 inuentus
800 1944 853 2002 est
872 1933 1075 2013 haereticus,
1101 1933 1160 2018 qui
1179 1933 1305 2000 liberos
1325 1954 1367 1999 eo
1387 1954 1468 2000 suos

241 2022 404 2102 mitteret,
421 2045 465 2090 ne
484 2043 528 2090 ex
547 2022 659 2092 vicina
679 2021 815 2107 quidem
836 2021 976 2089 ciuitate
997 2022 1155 2109 Elbinga,
1179 2042 1267 2106 quae
1287 2030 1420 2088 tantum
1445 2041 1467 2104 4

236 2109 428 2178 miliaribus
454 2110 570 2194 distat,
599 2122 634 2178 et
660 2122 713 2177 est
739 2111 884 2179 ecclesia
910 2131 1019 2179 meae⁴
1024 2109 1283 2196 jurisdictionis,
1307 2111 1467 2195 quodque

239 2199 350 2286 magis
365 2199 489 2266 mirum
504 2211 568 2280 est,
586 2201 630 2268 ad
645 2198 821 2285 primarios
836 2202 1001 2283 quosdam
1021 2199 1152 2268 nobiles
1173 2198 1256 2266 mihi
1276 2198 1463 2279 subiectos

239 2287 472 2372 ecclesiaeque
488 2311 584 2357 meae
598 2289 744 2355 vasallos
759 2287 917 2374 ablegaui
933 2289 1111 2374 quosdam,
1135 2298 1172 2355 vt
1196 2309 1279 2354 suos
1302 2286 1390 2354 filios
1410 2285 1464 2352 in-

236 2376 431 2445 stituendos
458 2379 630 2445 traderent
657 2375 820 2446 Societati
846 2388 991 2456 vestrae,
1022 2397 1108 2462 quos
1128 2376 1200 2461 ipse
1220 2386 1361 2461 sumptu
1388 2397 1464 2442 meo

235 2465 329 2532 alere
345 2467 586 2552 Brunsbergae
601 2465 791 2551 cupiebam,
809 2487 921 2550 neque
939 2481 1050 2533 tamen
1066 2475 1103 2530 vt
1119 2463 1154 2531 id
1171 2465 1322 2534 facerent
1338 2463 1462 2531 adduci

239 2565 436 2639 potuerunt.
455 2554 591 2622 Accidit
607 2554 720 2635 etiam,
739 2555 831 2639 quod
847 2553 982 2639 quidam
999 2553 1121 2621 nobilis
1136 2555 1226 2619 bona
1241 2553 1345 2621 vellet
1360 2552 1394 2618 in
1409 2552 1462 2618 di-

240 2643 332 2709 tione
360 2666 435 2711 mea
461 2664 669 2729 comparare,
699 2642 769 2726 qui,
798 2663 877 2709 cum
905 2665 972 2709 non
1000 2653 1091 2710 esset
1117 2640 1317 2722 catholicus,
1347 2662 1459 2725 neque

240 2742 355 2800 tamen
371 2731 418 2799 illi
435 2754 562 2818 negare
578 2753 723 2817 possem,
741 2751 818 2797 cum
837 2753 957 2800 omnes
974 2733 1093 2796 harum
1115 2741 1280 2797 terrarum
1302 2751 1462 2814 proceres

237 2819 418 2900 instarent,
445 2842 498 2900 ac,
527 2832 562 2886 vt
587 2821 634 2886 illi
666 2817 886 2906 gratificarer,
915 2830 1082 2905 peterent3
1111 2829 1148 2884 vt
1171 2828 1206 2885 et
1234 2816 1462 2885 conscientiae

241 2930 336 2977 meae
363 2910 605 2991 satisfacerem,
634 2918 668 2976 et
695 2907 806 2978 minus
834 2908 986 2994 grauiter
1012 2908 1106 2976 illum
1130 2908 1349 2988 offenderem,
1377 2905 1458 2986 dixi,

235 2997 342 3083 quod,
361 2998 450 3064 sicut
466 2997 521 3064 ille
537 3019 697 3083 peruersa
713 2995 878 3082 religione
894 2999 1038 3082 quadam
1059 2997 1306 3082 prohiberetur,
1331 2995 1459 3079 quomi-

236 3107 303 3152 nus
320 3087 430 3165 nobiS,
449 3089 514 3152 hoc
530 3098 593 3167 est,
612 3107 690 3152 cum
707 3084 851 3152 ecclesia
866 3083 1032 3151 catholica
1047 3082 1325 3162 communicaret,
1343 3083 1392 3149 sic
1405 3105 1460 3148 me

233 3195 374 3259 quoque
391 3167 471 3241 vera
488 3173 651 3260 religione
666 3173 848 3259 prohiberi,
863 3173 1045 3258 quominus
1057 3173 1088 3240 ei
1101 3173 1296 3258 permittere
1309 3193 1457 3255 possem,

234 3272 273 3327 vt
288 3263 453 3333 ecclesiae
469 3284 565 3330 meae
579 3264 727 3330 vasallus
743 3274 845 3344 esset3
864 3264 924 3331 sed
941 3284 996 3330 me
1013 3273 1139 3340 tamen,
1162 3260 1255 3345 quod
1276 3261 1371 3326 salua
1392 3261 1459 3328 fide

237 3373 311 3420 mea
327 3353 440 3420 facere
455 3372 555 3437 posse
571 3351 701 3432 videor,
718 3350 863 3420 libenter
879 3353 943 3418 hoc
959 3349 1007 3416 illi
1023 3370 1277 3428 concessurum,
1296 3358 1333 3412 vt
1354 3347 1460 3432 ipsius

234 3439 305 3506 filio
322 3440 408 3505 tradi
424 3451 459 3506 et
475 3440 612 3506 inscribi
628 3441 717 3507 bona
734 3439 974 3525 permitterem,
993 3439 1179 3504 dummodo
1196 3459 1274 3504 eum
1291 3435 1372 3501 mihi
1390 3445 1458 3502 tra-

233 3529 331 3597 deret
347 3531 575 3609 educandum,
594 3539 629 3597 et
643 3528 678 3593 in
695 3529 762 3594 fide
777 3529 961 3596 christiana
976 3527 1235 3595 instituendum.
1256 3525 1460 3610 Refragatus

235 3629 289 3684 est
305 3617 334 3686 is
351 3617 569 3703 aliquamdiu,
588 3618 724 3684 tandem
741 3638 901 3687 assensus
913 3627 976 3697 est,
991 3638 1030 3683 ac
1042 3618 1129 3682 duos
1141 3614 1229 3680 filios
1245 3635 1325 3680 suos
1342 3624 1460 3697 postea

240 3709 493 3794 Brunsbergam
509 3706 612 3786 misit,
631 3705 688 3791 qui
704 3705 806 3774 simul
821 3717 858 3770 vt
881 3705 1174 3772 communicarunt
1190 3702 1257 3768 ritu
1273 3700 1458 3768 catholico-

237 3817 312 3864 rum
340 3818 408 3863 non
436 3796 556 3875 coacti,
575 3796 636 3863 sed
663 3793 792 3880 Spiritu
819 3804 937 3860 sancto
958 3803 1179 3879 suggerente,
1205 3801 1285 3858 ante
1305 3810 1457 3855 mensem

239 3897 420 3970 utrumque
436 3885 586 3964 abstulit,
605 3894 652 3964 et,
670 3894 708 3948 vt
724 3881 837 3963 audio,
851 3881 1024 3968 magistris
1036 3877 1215 3948 haereticis
1231 3877 1459 3946 instituendos

235 3976 370 4042 tradere
386 3972 531 4058 cogitat:
549 3995 638 4056 quae
656 3995 710 4038 res
730 3970 963 4038 incredibilem
979 3967 1093 4036 animo
1109 3990 1184 4035 meo
1200 3965 1390 4034 molestiam
1405 3976 1457 4032 at-

236 4063 323 4127 tulit.
342 4064 421 4129 Non
438 4061 532 4146 potui
548 4082 696 4144 namque
712 4082 781 4126 non
798 4063 1017 4127 vehementer
1033 4058 1160 4137 dolere,
1176 4057 1281 4140 quod,
1297 4075 1385 4139 quos
1400 4077 1457 4121 so-

233 4150 284 4216 los
300 4151 487 4217 haereticos
507 4149 706 4236 parentibus
727 4160 826 4216 natos
842 4147 980 4215 Christo
1001 4145 1209 4213 lucrifecisse
1230 4143 1381 4224 videbar,
1399 4165 1458 4209 eos

232 4238 367 4318 abduci,
386 4249 423 4303 vt
439 4238 473 4303 in
490 4238 582 4305 aliud
595 4238 812 4323 euangelium
826 4238 1102 4314 transferrentur,
1118 4235 1310 4302 cernebam.
1326 4233 1456 4298 Verum

231 4328 317 4394 haec
333 4339 384 4394 est
400 4340 550 4412 potestas
567 4327 795 4394 tenebrarum.
810 4325 904 4393 Nihil
920 4326 1013 4411 n[onl
1031 4321 1218 4410 sathana[e]
1237 4319 1456 4406 permittitur,

234 4424 272 4480 vt
288 4427 442 4481 sanctum
460 4417 524 4480 hoc
544 4414 738 4481 institutum
758 4414 793 4480 in
816 4414 928 4500 pueris
950 4423 1067 4480 sancte
1089 4410 1275 4479 educandis
1295 4408 1459 4512 impedire

234 4515 348 4590 queat.
366 4505 595 4588 Quamobrem
612 4513 647 4568 et
662 4505 728 4570 hoc
744 4503 810 4568 iam
827 4501 1006 4569 consilium
1032 4512 1169 4586 captum
1192 4499 1257 4566 fuit
1280 4523 1300 4567 a
1323 4497 1457 4575 vrcinis,

233 4615 278 4663 ne
295 4593 378 4679 quid
393 4613 506 4661 rerum
526 4591 561 4658 in
581 4591 745 4678 oppidum
766 4592 850 4658 illud
872 4612 984 4658 meum
1006 4589 1247 4677 importaretur
1267 4588 1311 4655 ad
1330 4586 1460 4652 vietum
