3604 5380
733 487 750 545 7
769 471 933 532 Ocrounrs
954 471 1022 541 1562
1442 473 1494 530 113

249 626 444 714 guatinum
467 649 529 715 per
557 627 605 696 Μ.
632 626 854 698 Homerolum
885 628 909 710 ¹,
934 626 1106 712 respondi,
1135 627 1227 712 quod
1254 625 1421 694 attinebat
1448 629 1494 696 ad

253 746 305 810 M.
317 745 512 832 Jobarmem
528 742 723 811 Dionisium
738 743 765 826 ¹,
787 763 888 828 posse
908 741 1004 808 illum
1025 740 1131 808 sacris
1151 739 1329 808 ordinibus
1349 740 1488 824 initiari,
1576 724 1581 736 ⁸

251 857 287 924 si
302 856 354 924 ita
365 856 466 925 vobis
481 857 594 926 visum
611 857 725 928 fuerit.

325 991 357 1040 a.
407 973 523 1042 Hodie
537 972 730 1060 Herbipoli,
748 993 816 1059 quo
837 970 930 1052 veni,
951 981 990 1038 vt
1011 972 1056 1040 de
1079 970 1225 1058 collegio
1246 970 1304 1038 hic
1324 971 1490 1059 erigendo

249 1108 398 1174 agnem
413 1109 493 1156 cum
509 1090 608 1156 Rmo.
627 1085 857 1174 herbipolensi
873 1087 899 1168 ³,
917 1084 1088 1154 succurrit
1102 1095 1141 1152 vt
1154 1085 1340 1164 scriberem
1351 1089 1491 1156 consul-

251 1211 331 1268 tum
346 1203 434 1284 iore,
452 1201 481 1270 si
493 1202 579 1271 illud
590 1204 695 1290 (quod
705 1223 774 1290 ego
785 1201 885 1268 vobis
895 1199 1491 1288 praescripseramdeconstituendo

247 1328 478 1404 procuratore
493 1320 630 1400 bursae,
649 1317 709 1404 qui
724 1316 799 1388 eius
814 1316 953 1385 nomine
969 1313 1136 1403 exigeret,
1154 1336 1242 1401 quae
1262 1315 1370 1384 nostri
1389 1338 1490 1404 prae-

247 1441 416 1520 cepmres
431 1434 590 1502 solebant
605 1433 745 1521 exigere
759 1433 816 1500 vel
835 1431 1015 1518 accipere),
1037 1430 1232 1500 executioni
1252 1451 1322 1500 non
1341 1433 1487 1503 mande·

250 1561 328 1629 tm,
342 1547 372 1616 si
388 1547 456 1614 iam
472 1559 588 1616 actum
604 1570 674 1615 non
690 1547 746 1631 sit;
764 1569 885 1617 vereor
900 1547 991 1616 enim
1007 1569 1052 1615 ne
1066 1547 1133 1612 hoc
1150 1555 1302 1634 tempore
1322 1547 1408 1616 illud
1426 1570 1489 1617 ex-

245 1662 338 1730 citet
352 1661 483 1749 aliquid
498 1664 635 1750 majoris
651 1661 867 1744 turbationis
886 1663 946 1732 sed
959 1673 1073 1730 tamen
1083 1660 1120 1727 id
1131 1672 1241 1729 totum
1253 1662 1409 1748 relinquo
1423 1673 1483 1730 tuo

244 1777 394 1860 iudicio,
408 1778 576 1847 consultis
587 1779 668 1860 tuis,
682 1788 721 1866 vt
735 1778 837 1859 soles,
855 1787 906 1858 vt,
923 1779 980 1844 vel
990 1775 1160 1844 mandetis
1171 1776 1379 1859 executioni,
1393 1777 1488 1846 sivi-

247 1894 390 1975 deatur,
406 1895 464 1964 vel
479 1895 716 1966 executionem
732 1892 975 1960 intermittens.

324 2029 356 2094 3.
401 2012 478 2098 Jam
496 2009 693 2096 scripsimus
708 2009 814 2097 (quod
828 2007 930 2078 etiam
946 2006 1155 2075 intellexeris
1169 2029 1231 2094 per
1247 2009 1384 2078 Patrem
1404 2030 1484 2096 pro·

246 2125 449 2211 vincialem)
463 2124 600 2193 dedisse
615 2147 673 2194 me
687 2123 868 2193 Theodoro
884 2125 998 2192 Buseo
1014 2133 1052 2192 et
1060 2122 1210 2212 Johanni
1221 2123 1328 2191 Fabio
1339 2125 1352 2158 ⁴
1364 2145 1408 2192 er
1420 2123 1487 2192 illis

248 2285 366 2356 templo
378 2292 413 2339 et
422 2285 466 2340 ibi
477 2291 694 2340 sacramentum
704 2283 942 2339 administremus
951 2282 1046 2338 tribus
1056 2281 1202 2354 personis,
1212 2299 1287 2356 quae
1298 2283 1335 2338 ad
1345 2283 1487 2356 templum

244 2373 326 2428 illud
338 2373 501 2446 pertinent,
515 2387 575 2429 non
587 2372 752 2430 versaliis.
769 2373 852 2428 Haec
865 2389 903 2427 ex
916 2389 967 2427 ore
979 2372 1147 2428 abbatissae
1157 2371 1360 2429 intelleximus
1370 2379 1401 2430 et
1411 2389 1488 2445 quse

249 2470 434 2535 sequuntur.
450 2463 616 2518 Videbatur
627 2462 688 2518 sibi
698 2463 880 2534 exprobrari,
892 2461 970 2534 quod
982 2477 1037 2516 nos
1050 2461 1080 2516 in
1091 2463 1234 2534 templum
1246 2461 1425 2534 introducat,
1434 2477 1489 2518 nos

246 2557 353 2606 autem
365 2553 423 2606 hoc
435 2551 544 2622 moliri,
557 2558 591 2607 ut
603 2558 697 2607 totum
710 2551 829 2606 tandem
843 2567 1033 2622 occupemus,
1046 2557 1077 2604 et
1091 2549 1233 2605 comitum
1249 2547 1337 2619 filias,
1355 2566 1408 2621 pro
1424 2549 1487 2622 qui-

248 2643 307 2694 bus
324 2639 481 2695 fundatum
500 2648 558 2712 est,
577 2643 633 2695 hac
650 2639 860 2696 commoditate
877 2637 1062 2711 privemus...
1081 2639 1119 2694 Et
1138 2639 1256 2711 saepius
1276 2639 1408 2710 repetiit:
1428 2655 1487 2694 non

247 2729 434 2784 woedenrr
445 2731 496 2784 vel
508 2729 681 2785 conceditur
693 2728 826 2785 vobisut
837 2727 964 2784 audiatis
977 2727 1008 2783 in
1024 2735 1126 2782 nostro
1144 2729 1258 2800 templo
1271 2725 1487 2794 confessiones,

246 2817 331 2874 sicut
340 2818 465 2890 cupitis.
483 2819 612 2876 Dicebat
624 2818 715 2874 etiam
732 2819 790 2874 sibi
809 2827 962 2874 ostensum
979 2819 1018 2872 ab
1034 2816 1100 2873 aliis
1117 2817 1367 2890 scriptum,»quod
1384 2824 1486 2874 eustos

248 2905 326 2961 nulii
337 2904 592 2979 deberetaperire
604 2907 760 2962 Cameram
773 2923 903 2976 auream,
921 2906 979 2961 nisi
996 2906 1094 2980 aliquo
1111 2905 1252 2960 canonico
1269 2913 1437 2978 praesente,
1455 2911 1487 2960 et
1562 2962 1566 2971 ‚

246 2994 343 3050 moris
353 3001 509 3068 praeterea
521 2995 627 3067 inisse,
644 2996 722 3068 quod
738 2997 856 3069 quando
873 2994 979 3067 aliquis
994 2995 1114 3050 volebat
1136 2995 1287 3049 celebrare
1309 2993 1339 3048 in
1361 2993 1488 3050 Camere

243 3101 350 3154 aurea,
368 3084 448 3157 quod
465 3091 529 3139 tum
546 3085 687 3140 veniebat
703 3093 804 3140 custos
822 3093 853 3140 et
869 3086 991 3156 petebat
1007 3085 1046 3139 ab
1063 3083 1213 3139 abbatissa
1231 3083 1382 3139 veniam...
1402 3083 1487 3140 Solet

240 3171 427 3244 contingere
441 3181 476 3229 ut
492 3181 561 3246 post
578 3173 750 3230 concionem
768 3173 889 3230 veniant
906 3179 1044 3246 petentes
1061 3172 1196 3228 confiteri
1218 3180 1269 3228 aut
1289 3171 1427 3227 conferre
1446 3171 1484 3228 de

245 3263 340 3318 rebus
351 3279 426 3318 suae
438 3262 650 3334 conscientiae,
664 3271 694 3319 et
711 3261 914 3318 confitentium
931 3270 995 3318 erat
1011 3264 1107 3317 bonus
1123 3279 1263 3318 numerus
1283 3269 1314 3318 et
1330 3269 1483 3318 converte·

245 3355 356 3406 bantur
377 3361 409 3406 et
430 3350 546 3406 fructus
567 3352 692 3407 fiebant.
719 3351 806 3406 Nunc
827 3359 927 3406 autern
949 3353 1046 3406 locum
1066 3369 1126 3406 non
1148 3353 1292 3408 habemus
1313 3351 1381 3406 illos
1402 3347 1484 3406 adiu-

243 3439 392 3495 vandi...»
406 3441 454 3494 De
466 3441 522 3494 hac
534 3441 685 3496 abbatissa
697 3439 776 3496 idem
790 3441 896 3495 Kessel
910 3439 947 3496 ad
959 3439 996 3494 P.
1018 3438 1128 3494 Lainez
1145 3440 1193 3496 die
1213 3453 1246 3496 12
1263 3439 1392 3512 Augusti
1410 3439 1483 3495 haec

243 3528 408 3584 referebat:
423 3529 564 3584 r...Nunc
576 3537 676 3584 autem
688 3531 752 3584 sola
763 3538 811 3584 est
823 3527 884 3585 illic
894 3528 1055 3600 abbatissa,
1066 3545 1141 3602 quae
1154 3545 1304 3602 nunquam
1314 3529 1405 3602 canit,
1413 3527 1483 3584 lme-

245 3618 342 3674 retica
355 3625 403 3673 est
415 3619 465 3673 vel
483 3620 589 3674 saltem
607 3618 694 3673 valde
710 3618 748 3673 de
765 3617 880 3674 haeresi
901 3626 1049 3690 suspecta,
1068 3625 1099 3672 et
1117 3635 1175 3673 una
1192 3617 1249 3673 alia
1266 3617 1352 3692 virgo
1369 3619 1480 3688 vetula,

243 3723 324 3779 quae
336 3709 400 3762 sola
411 3705 492 3761 canit
504 3725 570 3762 cum
580 3707 696 3762 duobus
706 3706 818 3780 pueris,
829 3706 937 3762 nostris
947 3705 1130 3778 discipulis.»
1141 3706 1218 3762 Vide
1228 3714 1320 3762 totam
1329 3705 1409 3762 illam
1420 3705 1481 3778 epi-

242 3797 355 3852 stolam
367 3795 448 3868 apud
459 3795 607 3867 Hsussrt,
621 3797 678 3852 loc.
692 3797 762 3868 cit.,
775 3813 843 3868 pag.
857 3808 921 3866 427,
935 3793 999 3866 428.

303 3889 313 3920 ¹
349 3884 412 3954 Sic,
425 3902 479 3958 pro
492 3885 682 3957 Haemerulo,
692 3885 730 3941 de
743 3903 801 3958 quo
814 3883 883 3940 vide
897 3884 1101 3958 appendicem,
1115 3902 1145 3940 n.
1159 3885 1187 3940 1.

300 3977 312 4010 ²
349 3974 384 4029 In
397 3973 572 4047 appendice,
585 3992 617 4029 n.
636 3975 661 4046 1,
675 3983 745 4030 sunt
758 3983 898 4048 excerpta
911 3974 1056 4029 examinis
1066 3974 1189 4046 Joannis
1202 3973 1349 4048 Dionysii.

300 4065 312 4098 ⁸
348 4063 508 4134 Polancus,
523 4081 560 4119 ex
573 4065 792 4133 commissione,
806 4064 942 4120 Tridenti
954 4061 987 4118 31
1003 4063 1084 4134 Aug.
1104 4063 1174 4133 1562
1185 4066 1259 4118 haec
1271 4064 1308 4118 ad
1321 4065 1355 4118 P.
1367 4063 1480 4126 Madrid

238 4151 284 4206 de
299 4152 429 4222 collegio
446 4151 601 4224 Herbipoli
623 4153 806 4209 instituendo
828 4153 988 4208 scribebat:
1012 4152 1071 4206 «La
1092 4152 1129 4207 R.
1148 4152 1185 4206 V.
1200 4151 1286 4232 auisi
1307 4169 1340 4206 se
1360 4151 1378 4208 'l
1395 4151 1480 4210 detto

244 4241 297 4296 ΡΑ
317 4241 436 4298 Giuuan
448 4241 569 4296 Murano
582 4251 629 4297 sta
641 4250 723 4298 tanto
736 4242 855 4298 innanzi
867 4243 922 4298 che
935 4241 962 4298 si
978 4250 1098 4314 potesse
1115 4241 1235 4296 mandat
1252 4241 1284 4298 in
1303 4241 1477 4312 Alemagna,

243 4329 384 4386 massime
396 4347 450 4402 per
462 4331 631 4404 complacet
644 4334 670 4386 al
685 4349 815 4388 vescouo
828 4331 866 4386 de
879 4331 1035 4404 Herbipoli
1047 4331 1102 4386 che
1115 4331 1196 4386 tiene
1209 4332 1239 4387 in
1252 4330 1355 4386 ordine
1368 4331 1417 4385 un’
1435 4330 1479 4386 in-

240 4425 320 4475 trata
332 4419 371 4474 de
384 4437 507 4492 apresso
522 4433 591 4477 1000
604 4420 699 4492 scudi,
713 4430 743 4477 et
756 4420 783 4477 si
795 4422 1028 4477 contentarebbe
1041 4420 1147 4476 adesso
1160 4421 1190 4475 d'
1204 4439 1244 4476 un
1257 4419 1433 4494 predicator,
1451 4420 1478 4474 si

241 4512 304 4564 ben
316 4526 376 4566 non
389 4526 423 4564 se
436 4508 458 4565 li
471 4510 660 4566 mandassem
672 4510 694 4566 li
707 4511 821 4581 mastri,
835 4519 905 4576 etc„
925 4518 956 4566 et
974 4509 1222 4582 consignarebbe,
1236 4528 1253 4564 a
1274 4510 1342 4582 quel
1356 4510 1411 4568 che
1433 4509 1478 4566 in-

240 4597 346 4666 tendo,
359 4598 379 4653 il
393 4598 532 4670 collegio,
545 4607 622 4656 etc.»
636 4601 681 4656 Ex
694 4601 866 4672 archetypo,
880 4599 912 4656 in
927 4597 1002 4654 Cori.
1020 4599 1114 4664 PLB,
1134 4611 1166 4669 51
1185 4595 1275 4668 (328).

298 4690 311 4722 ⁴
347 4687 393 4741 De
406 4688 522 4744 Busaeo
534 4697 565 4745 et
578 4691 669 4746 Fabio
682 4688 751 4745 vide
764 4689 893 4763 append.
911 4691 968 4745 loc.
982 4687 1034 4744 cit.
