3604 5380
358 457 394 514 9⁰
782 440 815 495 P.
835 439 976 495 Nireus
994 439 1159 496 Eranam.

427 655 513 726 102
873 676 1072 724 ueruuunu

427 823 551 913 Reperi
577 823 691 912 egisse
711 843 789 891 cum
812 823 1049 890 fundatoribus
1069 825 1246 910 Quadrato
1267 837 1302 893 et
1323 845 1430 893 uxore
1451 826 1582 911 absque

359 939 416 1012 vel
430 940 601 1030 generalis
615 939 800 1026 praepositi
819 940 876 1007 vel
895 939 1114 1026 prouincialis
1133 941 1306 1021 facultate,
1325 963 1414 1027 quae
1433 940 1582 1007 libertati

358 1056 543 1128 Societatis
572 1057 582 1090 ¹
610 1077 680 1122 non
706 1065 804 1122 erant
831 1063 1077 1137 consentanea,
1109 1076 1197 1140 quae
1224 1055 1289 1122 fuit
1310 1054 1435 1124 dificile
1462 1077 1581 1124 emen-

358 1177 453 1243 dare:
472 1183 507 1242 et
522 1180 575 1239 est
591 1169 727 1256 quidem
743 1169 832 1236 serio
847 1169 1146 1256 praescribendum
1158 1193 1202 1238 ne
1224 1173 1236 1206 ³
1257 1171 1292 1237 id
1304 1173 1452 1238 audeant
1468 1181 1581 1238 recto·

258 1347 262 1356 .
359 1312 426 1358 res.
439 1289 507 1356 Res
519 1297 616 1357 erant
627 1285 770 1352 dificiles
782 1285 817 1352 in
828 1287 896 1353 hoc
908 1286 1065 1373 collegio,
1084 1299 1221 1374 propter
1238 1289 1417 1374 quemdam
1430 1289 1579 1368 Patrem,

358 1405 416 1472 cui
439 1404 602 1472 fauebant
621 1401 627 1490 Ι
647 1399 788 1468 nimium
810 1402 1023 1484 fundatores,
1045 1403 1137 1487 quod
1165 1401 1310 1470 faciebat
1332 1425 1402 1469 non
1428 1403 1586 1472 obtinere

359 1541 458 1588 suam
473 1515 677 1605 dignitatem
701 1528 880 1584 rectorem:
904 1539 959 1586 res
986 1529 1038 1586 est
1066 1529 1264 1604 temperata.
1290 1519 1519 1586 Interdictum·
1538 1539 1583 1585 ne

360 1633 536 1702 fundatrix
550 1631 586 1698 in
601 1634 738 1698 hortum
754 1631 973 1718 reciperetur,
992 1652 1070 1699 cum
1086 1631 1160 1700 eius
1171 1633 1424 1714 beneuolentia,
1439 1645 1504 1702 etc.
1521 1633 1584 1701 Vi-

359 1747 476 1832 sitaui‚
494 1759 561 1817 etc.

333 1861 337 1870 ’
428 1863 495 1932 Hic
511 1863 626 1950 accepi
641 1863 757 1960 literas
771 1886 793 1929 a
808 1862 974 1931 Roderico
989 1873 1025 1930 et
1039 1865 1198 1946 Araozio,
1222 1863 1347 1950 quibus
1363 1874 1583 1950 properanter

358 1981 546 2048 reuocabar
561 2001 581 2046 a
596 1977 800 2045 visitatione:
830 1989 985 2045 senatum
1012 1979 1146 2066 regium
1163 2001 1267 2066 aegre
1289 1982 1378 2047 ferre
1392 1991 1430 2045 vt
1453 1979 1581 2046 tamdiu

360 2099 537 2166 haererem
550 2095 586 2160 in
602 2093 779 2180 Hispania,
798 2114 900 2178 quem
916 2096 1099 2163 credebant
1115 2095 1182 2162 iam
1198 2095 1333 2181 abijsse:
1352 2117 1472 2164 senon
1483 2116 1583 2180 posse

360 2209 498 2298 longius
514 2209 737 2277 intercedere:
763 2209 883 2274 saltem
910 2209 1065 2278 celeriter
1091 2209 1396 2296 Complufsslltum
1424 2209 1580 2277 redirem.

359 2325 454 2392 Nihil
470 2323 534 2391 fuit
549 2323 631 2390 mihi
646 2345 787 2390 nouum:
806 2323 910 2390 statui
927 2324 1049 2407 redire,
1067 2347 1110 2394 ne
1122 2346 1182 2393 eos
1193 2326 1412 2409 offenderem,
1425 2336 1460 2393 et
1471 2325 1583 2392 disce—

358 2441 476 2507 derem
497 2461 517 2505 a
542 2438 784 2520 moderatione,
807 2460 909 2524 quam
933 2439 1025 2525 prius
1046 2439 1142 2526 sequi
1163 2440 1390 2522 institueram3
1413 2451 1449 2508 et
1469 2452 1584 2509 tamen

360 2553 454 2622 volui
469 2554 610 2621 biduum
627 2554 707 2622 dare
723 2553 908 2622 visitationi
924 2556 1058 2642 collegij
1076 2555 1298 2623 vallisoletani
1315 2558 1339 2621 ³.

430 2733 516 2801 184
854 2754 1091 2802 vnnmsouam

429 2901 540 2969 Biduo
555 2901 611 2968 hic
623 2902 754 2970 confeci
766 2901 1007 2969 visitationem.
1023 2905 1104 2970 Erat
1116 2908 1239 2992 hospes
1252 2910 1292 2975 P.
1307 2909 1484 2988 Gutierus,
1499 2929 1583 2994 age-

360 3019 420 3084 bat
431 3015 522 3085 enim
535 3037 671 3083 causam
684 3016 737 3083 sui
749 3017 882 3104 collegij
896 3019 1090 3104 placentini:
1104 3021 1370 3090 concionabatur
1381 3033 1495 3092 tamen
1504 3045 1583 3090 cum

363 3131 479 3200 fructu
491 3142 527 3200 et
538 3133 649 3198 laude.
665 3131 732 3198 Hic
747 3132 851 3198 statui
867 3135 1046 3218 quemdam
1064 3137 1201 3204 Patrem
1213 3139 1267 3206 vel
1282 3139 1416 3208 mittere
1427 3141 1581 3220 Romam,

361 3247 417 3316 vel
433 3269 453 3314 a
470 3245 642 3316 Societate
656 3245 838 3316 dimittere.
854 3248 941 3317 Vide
954 3250 1100 3318 Suerum
1112 3272 1132 3317 a
1144 3254 1255 3340 Vega,
1269 3265 1303 3322 et
1315 3265 1432 3341 postea
1444 3256 1583 3322 fratrem

365 3365 507 3431 Petrum
523 3361 688 3429 Aluarem
704 3361 728 3428 ⁴.
1649 3342 1653 3348 ⁴

429 3539 510 3608 185
888 3563 1084 3626 conanum,
1110 3551 1156 3629 5.⁰

427 3707 495 3776 Hic
511 3707 642 3775 accinxi
658 3732 713 3778 me
729 3711 771 3777 ad
794 3710 868 3778 iter.
892 3713 1072 3780 Declaraui
1087 3715 1283 3801 prouinciae
1304 3719 1472 3788 Castellae
1492 3720 1581 3787 diui-

359 3822 490 3892 sionem
521 3821 556 3888 in
588 3823 686 3910 regni
716 3825 855 3892 toletani
886 3837 922 3894 et
951 3829 1076 3896 veteris
1106 3830 1292 3912 Castellae,
1314 3834 1581 3902 commissarium

361 3941 400 4007 P.
424 3938 623 4020 Araozium,
650 3939 891 4026 prouincialem
913 3943 1036 4010 veteris
1057 3945 1226 4013 Castellae
1242 3949 1282 4014 P.
1302 3949 1461 4031 Suarem,
1484 3951 1583 4038 regni

360 4054 501 4122 toletani
517 4056 557 4121 P.
577 4056 865 4136 Valdarauanum,
885 4057 1018 4124 tametsi
1034 4059 1077 4127 de
1089 4062 1157 4126 hoc
1173 4083 1241 4128 non
1254 4063 1470 4132 mediocriter
1481 4067 1583 4133 dubi-

360 4170 445 4253 taui,
458 4181 494 4237 et
509 4169 733 4257 cogitauerim
749 4167 953 4264 designare]
971 4172 1130 4260 Egidium
1147 4177 1334 4263 Goncalem
1351 4182 1375 4245 ³.
1516 4171 1517 4176 ἵ

415 4297 424 4327 ¹
462 4293 676 4362 Ms.,Societis.

411 4385 423 4416 ¹
462 4382 531 4452 Ms,
542 4381 870 4454 praescribanturnec.

411 4471 422 4502 ³
460 4469 656 4541 SuccfflrtUS,
670 4472 729 4526 loc.
743 4471 807 4544 cit,
821 4491 850 4528 n.
864 4473 912 4542 64.
932 4475 995 4530 Fol.
1012 4473 1062 4531 183
1076 4495 1104 4530 v.
1120 4495 1243 4535 vacuum
1257 4483 1391 4539 relictum
1405 4485 1471 4542 fuit.

412 4560 424 4592 ⁴
461 4559 524 4613 Fol.
541 4557 592 4627 184
605 4576 634 4614 v.
647 4576 753 4631 purum
765 4571 912 4618 remanet.

409 4645 422 4678 ⁸
458 4644 653 4716 SaccfflNUS,
672 4649 728 4703 loc.
743 4650 806 4722 cit.,
820 4669 850 4706 n.
863 4649 908 4721 65.
