3478 5384
611 513 657 570 20,
677 513 711 570 25
729 513 771 556 nr
789 498 824 555 30
843 502 918 569 Mau
938 503 1007 572 1563
1157 465 1160 474 ⁴
1364 522 1414 578 291

178 648 243 714 nbi
260 649 350 716 haec
365 653 495 739 scripta
509 658 600 720 wne
619 653 779 720 «Recinid
795 655 841 720 N.
859 656 904 721 P.
923 656 975 722 las
990 657 1031 722 de
1053 659 1086 723 V.
1105 660 1146 724 R.
1165 657 1205 724 de
1221 673 1264 743 25
1276 683 1299 746 y
1312 662 1420 744 jodel

173 766 341 850 passado
355 788 418 833 con
433 789 507 834 una
522 770 617 856 copia
632 767 673 834 de
687 774 764 835 otro
774 771 931 854 primero
951 773 1115 855 recinida,
1132 774 1172 840 de
1196 793 1250 856 20,
1274 776 1369 842 soon
1390 778 1421 843 el

176 880 359 966 gobierno
374 883 416 949 dc
431 903 490 950 esa
502 885 690 970 prouincia
709 883 749 950 de
768 885 1000 954 Alcmana...»
1023 889 1244 976 Argumenta
1266 911 1356 972 nero,
1379 893 1420 958 de

179 995 317 1079 anthies
331 999 371 1062 in
388 998 511 1064 litteris
527 1014 570 1083 25
586 1004 617 1065 ei
632 1017 676 1083 30
690 999 781 1065 datis
796 1000 919 1087 agebat
931 1002 1069 1068 Natalis
1080 1005 1197 1093 colligi
1207 1005 1333 1087 debent,
1346 1011 1418 1072 inm

179 1131 226 1175 ex
242 1113 392 1196 epistola
408 1111 485 1197 283,
501 1135 559 1179 nn.
585 1129 656 1198 3-7,
677 1120 748 1180 inm
772 1137 814 1181 ex
837 1116 970 1198 litteris,
993 1139 1016 1183 a
1039 1119 1189 1186 Polanco
1211 1121 1256 1186 ad
1278 1121 1417 1187 Metiri-

178 1227 287 1292 dinm
305 1243 352 1310 27
367 1227 461 1315 Moji
475 1229 575 1310 datis
592 1229 650 1295 nbi
665 1229 746 1296 haec
761 1231 853 1297 inter
868 1233 940 1298 alia
955 1234 1103 1320 scripsit:

256 1343 327 1408 «El
344 1345 389 1410 P.
409 1345 517 1410 Nalal
529 1367 574 1431 ya
589 1366 624 1411 es
637 1345 702 1432 ydo
724 1347 746 1410 ά
769 1348 898 1435 Proga
919 1348 1018 1414 desde
1047 1350 1188 1431 Vienna,
1209 1373 1232 1438 y
1254 1353 1416 1417 conniene

178 1459 357 1526 amada
371 1461 404 1526 si
419 1481 454 1526 se
470 1459 516 1525 lea
530 1461 571 1526 de
586 1461 692 1528 lcaaer
707 1462 825 1527 diseeo
840 1461 894 1528 del
913 1464 1053 1552 collegio
1072 1464 1112 1531 de
1134 1467 1296 1553 Dilinga,
1319 1468 1339 1532 ό
1362 1488 1416 1547 no,

172 1583 276 1660 para
293 1581 363 1676 este
378 1581 455 1656 aeto,
473 1583 604 1662 ponqne
626 1577 721 1642 desta
744 1578 931 1644 resolueion
948 1580 1084 1664 pendan
1106 1585 1200 1646 otras
1228 1583 1248 1646 ¹.
1274 1583 1363 1647 Diae
1385 1584 1417 1648 el

178 1693 226 1756 P.
250 1691 376 1756 Nadal
391 1713 455 1777 qne
477 1692 513 1758 V.
533 1693 577 1758 R.
597 1695 684 1759 tiene
700 1694 809 1758 razon
825 1715 889 1779 que
900 1695 984 1759 ania
996 1695 1036 1760 eie
1048 1696 1159 1762 lianer
1169 1697 1359 1762 seminario
1371 1717 1415 1763 en

176 1807 389 1894 Alemagna
399 1816 492 1892 para
508 1807 560 1873 las
575 1809 680 1874 latras
695 1808 735 1874 de
751 1808 966 1874 leumaniclad
981 1811 1004 1890 ¹,
1020 1831 1097 1876 mas
1112 1832 1157 1876 no
1176 1811 1325 1877 obstante
1343 1817 1415 1878 esta

165 1921 298 1986 'razdn
315 1922 393 1987 diae
409 1943 473 2008 qne
488 1943 532 1988 na
547 1945 589 2010 ay
602 1928 705 2010 gente
715 1931 809 2009 para
824 1923 976 2011 algnnas
992 1926 1115 1992 classes
1125 1927 1303 2012 primeras
1315 1950 1339 2013 y
1359 1929 1414 1992 asi

176 2058 215 2102 es
231 2038 435 2103 necessario
448 2059 485 2104 sc
495 2045 626 2123 pnonea
641 2040 682 2104 de
697 2040 818 2120 Roma,
834 2040 852 2104 ὀ
868 2060 903 2105 se
909 2040 1079 2125 paciscere
1090 2063 1170 2127 mny
1178 2063 1294 2128 grane
1306 2043 1413 2108 detri-

176 2158 310 2230 mento;
323 2175 349 2238 y
363 2174 405 2219 sn
421 2153 564 2240 disegno
579 2155 672 2220 seria
687 2175 751 2239 qne
761 2161 854 2239 para
866 2155 995 2219 aindar
1005 2156 1027 2219 ά
1039 2155 1073 2220 la
1084 2158 1252 2223 Alemana
1260 2180 1284 2243 y
1295 2159 1411 2222 Fran-

177 2271 245 2349 cia,
263 2269 380 2334 donde
389 2269 575 2354 pttdiessen
590 2271 659 2335 leer
673 2271 714 2336 de
729 2275 823 2336 otras
839 2271 1008 2353 nacioeres,
1030 2293 1075 2336 no
1096 2293 1132 2338 se
1154 2280 1339 2358 ocupassen
1363 2274 1414 2338 los

175 2405 335 2450 mesmos
351 2385 501 2450 lndcscos
516 2385 535 2449 ό
547 2386 743 2473 franceses,
759 2407 851 2450 coeno
865 2407 927 2451 son
942 2407 983 2451 en
1001 2386 1054 2452 las
1064 2389 1242 2472 primeras
1258 2388 1382 2454 classes
1390 2411 1413 2473 y

176 2522 221 2567 en
238 2501 277 2566 la
288 2499 543 2586 philosoplziay
558 2499 737 2587 theologia;
752 2507 883 2587 parque
903 2501 951 2566 los
971 2523 1035 2587 qen
1057 2523 1119 2567 son
1139 2503 1275 2568 Mdneos
1298 2503 1412 2569 destos

176 2617 337 2703 lengnas
347 2615 531 2701 pridiessen
546 2621 639 2681 tento
654 2616 730 2681 mis
736 2622 853 2701 presto
863 2617 989 2682 aeabar
1000 2637 1059 2682 sns
1070 2618 1218 2684 eslndios
1223 2625 1318 2703 para
1324 2627 1410 2704 pree

177 2733 296 2798 dicar.
322 2732 413 2796 Bien
433 2751 469 2796 se
488 2751 548 2798 nee
569 2753 632 2817 qne
651 2737 717 2798 este
736 2753 771 2798 es
798 2731 915 2798 diseio
934 2731 974 2798 de
1001 2732 1106 2821 cingal
1131 2731 1171 2797 de
1194 2734 1362 2800 Annaea
1386 2757 1411 2820 y

176 2848 340 2913 Francia
356 2848 418 2932 ’,γ
438 2867 501 2933 qne
516 2867 552 2914 se
566 2847 652 2912 adri
672 2848 712 2913 eie
732 2847 884 2913 hazerlo
904 2869 968 2933 qne
988 2869 1023 2914 se
1032 2849 1178 2933 pndnre
1191 2848 1406 2934 finalmente.

234 3031 242 3062 ¹
284 3025 424 3082 Canisius
449 3025 561 3093 Lainio,
587 3038 619 3095 14
641 3025 710 3096 Maji
733 3024 811 3096 1563,
833 3027 906 3080 haec
928 3025 965 3080 de
987 3026 1112 3097 collegio
1133 3026 1270 3096 Dilingae
1295 3028 1408 3083 retulit:

175 3115 306 3170 «Scribo
319 3113 358 3168 ad
370 3113 402 3168 P.
418 3113 580 3186 Lanoyum,
594 3121 626 3168 ut
638 3113 812 3184 dilingensis
824 3113 941 3184 collegij
955 3114 1111 3170 stationem
1124 3130 1219 3170 coram
1238 3122 1363 3186 spectet,
1378 3125 1408 3170 et

173 3203 214 3258 de
226 3203 278 3259 his
292 3219 350 3258 nos
361 3203 503 3259 certiores
519 3189 636 3258 reddat.¹
651 3205 714 3274 Ego
731 3221 832 3275 parum
849 3201 968 3275 dubito,
984 3203 1055 3275 quin
1072 3205 1119 3260 his
1136 3203 1237 3276 primis
1255 3204 1340 3260 annis
1359 3222 1408 3260 cu-

176 3293 278 3349 bicula
302 3291 363 3348 sint
384 3293 543 3348 suffectura
565 3291 672 3348 nostris
690 3309 757 3348 cum
774 3291 921 3348 uenerint.
944 3292 1060 3364 Operae
1083 3292 1212 3366 precium
1233 3301 1332 3348 autem
1350 3295 1408 3352 erit

173 3382 210 3436 P.
229 3383 383 3444 Natalem,
397 3399 464 3436 cum
476 3397 524 3436 res
536 3381 649 3451 Pragae
662 3380 832 3449 confecerit,
845 3389 926 3436 recte
943 3381 1092 3452 Dilingam
1110 3390 1222 3454 petere,
1236 3385 1283 3437 vel
1305 3381 1405 3454 Augu·

174 3481 265 3540 stam,
279 3478 316 3526 ut
328 3479 410 3526 certo
422 3477 532 3525 statuat
543 3469 581 3524 de
593 3469 650 3538 his,
663 3487 738 3542 quae
750 3469 787 3524 ad
800 3477 964 3525 nostrorum
977 3469 1136 3526 aduentum
1155 3478 1185 3526 et
1202 3471 1334 3526 eiusdem
1348 3473 1405 3527 col-

173 3561 246 3633 legij
261 3560 393 3615 rationes
407 3559 569 3632 pertinent.
585 3559 635 3614 Sic
648 3559 738 3626 enim,
748 3561 829 3614 salua
839 3577 955 3632 semper
965 3553 1144 3632 obedientia,
1154 3560 1405 3616 consultissimum

175 3651 250 3706 mibi
277 3647 425 3704 videtur.»
450 3649 495 3704 Ex
520 3648 621 3722 Epist.
648 3647 776 3714 canisii,
800 3649 824 3720 1,
849 3661 898 3718 117
920 3647 1009 3718 (302).
1035 3649 1112 3706 Vide
1128 3667 1227 3722 supra,
1241 3649 1327 3722 epist.
1342 3649 1407 3722 553,

175 3759 205 3797 n.
220 3739 251 3809 33
267 3747 300 3794 et
314 3737 423 3806 260,n.
440 3735 471 3794 3.

229 3834 242 3865 ¹
283 3826 361 3882 Vide
374 3825 463 3899 epist.
480 3837 543 3896 275,
556 3843 587 3881 n.
604 3839 646 3896 153
661 3833 691 3882 et
704 3826 767 3898 276,
784 3845 813 3880 n.
828 3841 857 3882 2.

229 3919 242 3953 ⁸
282 3917 417 3986 Angelus
430 3915 606 3971 Germaniae
619 3924 649 3970 et
662 3915 775 3972 Galliae
788 3924 909 3971 vocatur
921 3915 1034 3971 Natalis
1048 3915 1078 3971 in
1090 3918 1146 3971 hoc
1163 3917 1238 3984 loco,
1252 3915 1408 3986 Ignatiano

174 4023 272 4077 more,
286 4012 373 4077 prout
385 4021 423 4059 ex
436 4002 571 4076 sequenti
581 4004 772 4075 responsione
781 4002 907 4062 Oliverii
917 4004 1045 4060 Manerei
1054 4004 1092 4060 ad
1101 4007 1281 4076 postulatum
1291 4003 1406 4058 Nicolai

173 4093 309 4152 Lancicii
322 4092 448 4164 intelligi
460 4093 578 4165 poterit:
592 4092 750 4149 «Libenter
760 4092 916 4164 [ignatius]
925 4094 1063 4164 habebat,
1077 4101 1110 4147 vt
1119 4092 1285 4164 superiores
1296 4093 1407 4147 locales

171 4191 277 4240 essent
290 4182 449 4255 importuni
463 4181 493 4238 in
506 4181 554 4253 iis,
566 4199 641 4255 quae
654 4180 823 4238 iudicabant
835 4181 918 4245 locis,
936 4182 1044 4254 quibus
1063 4189 1227 4254 praeerant,
1246 4184 1323 4236 bene
1336 4197 1405 4236 con-

171 4271 334 4330 stituendis
347 4288 413 4326 esse
425 4271 602 4342 necessaria,
616 4273 663 4326 vel
677 4271 763 4326 valde
776 4271 873 4339 vtilia;
889 4289 920 4326 v.
941 4288 976 4341 g.
993 4271 1023 4326 in
1040 4269 1175 4342 petendis
1193 4269 1326 4342 pluribus
1339 4287 1404 4342 per-

170 4361 265 4432 senis,
279 4362 329 4416 vel
342 4359 436 4432 magis
449 4360 678 4429 sufficientibus3
693 4361 760 4434 quia
770 4377 835 4416 eam
845 4359 1096 4431 importunitatem
1107 4358 1255 4415 tribuebat
1265 4376 1400 4415 necessa·

169 4451 232 4507 riae
245 4449 451 4524 prouidentiae
464 4457 494 4504 et
507 4448 697 4505 sollicitudini
710 4466 822 4520 eorum,
835 4448 886 4521 qui
899 4456 1065 4520 praeerant.

225 4539 445 4597 Excusantibus
467 4556 500 4596 se
522 4555 574 4612 per
595 4537 802 4594 verecundiam
824 4555 859 4592 ac
880 4537 1088 4608 reuerentiam,
1110 4537 1189 4610 quod
1209 4535 1405 4609 importunius

172 4635 309 4701 agerent,
320 4628 448 4684 animum
459 4627 709 4698 subministrabat,
719 4627 821 4682 dicens
831 4643 889 4682 non
900 4643 966 4682 esse
977 4626 1149 4694 timendum;
1160 4625 1239 4698 quod
1248 4643 1283 4680 ea
1293 4625 1403 4680 instan-

173 4717 215 4774 tia
229 4716 375 4774 indicaret
388 4715 568 4789 superiorem
581 4715 733 4772 attendere
746 4715 841 4772 officio
855 4731 919 4784 suo;
933 4716 1105 4788 solebatque
1115 4716 1190 4772 tales
1200 4730 1304 4771 vocare
1315 4729 1404 4784 ange·
