3604 5380
564 521 567 528 .
662 493 676 504 ·’
718 481 792 555 '1561
843 525 846 530 -
1336 487 1370 542 81

145 637 231 716 aliis,
252 649 321 704 tum
336 657 381 704 ne
396 635 539 704 nimium
554 638 724 706 laboraret
735 637 770 704 in
783 658 925 706 munere
940 658 1016 704 suo:
1035 637 1131 705 illum
1144 657 1220 706 esse
1238 637 1373 706 infirma

150 751 341 820 valetudine
359 754 382 818 ¹.

216 931 306 998 100
421 949 427 964 ’
534 953 572 1000 nr
589 951 739 1000 ramses
760 951 984 1000 courauruu

213 1101 408 1186 Antequam
435 1100 711 1168 Alburchercum
731 1099 896 1182 venirem,
914 1099 1080 1188 cogitatio
1101 1119 1157 1167 ma
1171 1099 1310 1184 inuasit,
1327 1102 1372 1172 de

144 1214 402 1296 dificultatibus,
431 1237 521 1302 quae
536 1227 652 1286 essent
672 1226 810 1303 paratae
830 1216 864 1283 in
892 1216 1053 1284 Castella.
1072 1216 1298 1303 Alburchercj
1316 1239 1371 1286 re
1402 1275 1404 1282 Α

150 1328 215 1414 peri
230 1332 412 1416 quemdam
433 1334 584 1412 Patrem,
607 1351 709 1417 quem
730 1330 888 1400 mittebat
908 1333 951 1399 ad
971 1353 1027 1400 me
1048 1333 1089 1398 P.
1113 1331 1371 1398 Bustamantius

148 1467 205 1530 pro
220 1446 384 1513 facultate
398 1445 571 1534 aperiendi
586 1447 720 1514 scholas
737 1445 882 1533 Hispali,
896 1467 998 1533 quam
1011 1467 1227 1533 magnacum
1239 1446 1371 1516 instan-

149 1559 190 1626 tia
200 1562 407 1648 postulabat:
425 1561 473 1628 ita
488 1583 612 1649 rogare
626 1582 667 1630 ac
681 1563 770 1630 velle
785 1560 1016 1648 inquisitores,
1035 1561 1083 1628 ita
1094 1582 1166 1631 rem
1182 1561 1371 1649 efflagitare

145 1686 179 1742 et
192 1687 339 1763 tempus:
357 1699 426 1744 non
442 1699 544 1764 posse
559 1677 690 1766 negari.
712 1677 719 1767 Ι
739 1677 903 1746 Concessi
915 1689 953 1744 vt
963 1678 1008 1747 de
1020 1700 1061 1748 ea
1073 1697 1110 1744 re
1122 1687 1253 1765 ageret:
1268 1699 1370 1764 posse

145 1790 280 1873 quidem
296 1792 382 1873 fieri,
401 1793 462 1860 sed
477 1803 662 1879 antequam
678 1792 861 1881 negocium
877 1793 1150 1873 concluderetur,
1168 1801 1207 1858 vt
1222 1813 1278 1860 me
1293 1814 1371 1860 rur-

145 1927 203 1972 sus
217 1906 355 1974 scribat.
374 1908 456 1975 Fuit
471 1907 654 1996 negocium
671 1917 790 1994 postea
805 1907 1001 1976 coniectum
1016 1928 1036 1974 e
1051 1905 1233 1982 sententia.

209 2021 287 2088 Non
301 2023 406 2110 longe
421 2045 442 2090 a
458 2021 634 2091 Placentia
648 2021 719 2088 vidi
735 2045 779 2090 ex
790 2021 937 2108 hospitio
954 2022 1092 2090 fratrem
1104 2022 1251 2102 Tellum,
1265 2043 1368 2108 quem
1449 2049 1457 2070 ·

149 2135 304 2204 miserant
326 2139 370 2204 ad
389 2159 446 2206 me
468 2141 504 2206 P.
530 2137 699 2206 Araozius
718 2148 754 2204 et
773 2136 948 2204 Antonius
963 2157 1042 2202 cum
1063 2135 1170 2204 literis
1190 2137 1216 2216 ¹,
1238 2135 1367 2222 quibus

150 2250 222 2318 mihi
242 2253 524 2322 demonstrabant
542 2255 555 2288 ⁸
576 2255 714 2320 exortos
735 2251 889 2320 turbines
908 2251 944 2318 in
956 2252 1034 2318 aula
1049 2250 1153 2339 regis,
1171 2273 1241 2320 non
1257 2252 1366 2319 solum

144 2367 186 2432 de
195 2367 347 2437 discessu
361 2371 403 2436 Ρ.
417 2367 603 2450 Francisci,
616 2369 679 2438 sed
690 2370 733 2436 de
744 2389 819 2435 mea
833 2362 1041 2434 visitatione.¹
1057 2365 1168 2436 Simul
1183 2365 1366 2434 mittebant

145 2479 232 2548 illum
247 2483 400 2564 fratrem,
418 2493 457 2549 vt
472 2479 707 2572 laboran[tem]
718 2483 798 2550 rut
816 2482 852 2548 in
866 2480 1045 2548 vocatione
1061 2482 1116 2549 vel
1131 2481 1285 2550 iuuarem
1307 2479 1366 2550 vel

147 2596 358 2666 dimitterem.

205 2711 284 2780 Fuit
298 2714 403 2793 frater
419 2712 610 2793 restitutus,
624 2716 691 2782 X.0
711 2724 861 2794 auctore,
881 2733 986 2799 quum
999 2712 1046 2780 illi
1058 2711 1186 2782 diserte
1201 2711 1363 2780 dixissem
1378 2731 1380 2738 ·

148 2837 181 2892 vt
194 2828 376 2915 explicaret
406 2828 540 2915 siquam
567 2849 706 2895 causam
732 2829 890 2898 idoneam
914 2830 1068 2911 haberet,
1097 2837 1236 2914 propter
1262 2847 1365 2912 quam

147 2953 229 3009 esset
249 2942 485 3026 dimittendus;
514 2964 570 3010 me
597 2941 696 3012 facile
710 2945 806 3012 illum
832 2943 1063 3024 dimissurum,
1088 2942 1118 3008 si
1133 2942 1224 3010 illam
1239 2938 1367 3011 intelli-

148 3079 232 3140 gam,
249 3070 316 3128 etc.
503 3053 506 3058 ’

205 3175 307 3260 Quod
322 3176 367 3242 ad
378 3174 456 3255 alia,
471 3175 519 3261 fuj
533 3174 671 3261 quidem
682 3174 848 3257 solicitus,
862 3175 924 3244 sed
934 3174 1048 3242 animo
1060 3183 1186 3255 tamen,
1200 3175 1267 3241 X.0
1286 3193 1366 3259 pro-

146 3285 231 3374 pitio,
248 3291 482 3370 confirmatus,
500 3289 708 3376 minimeque
726 3289 921 3357 deterritus

205 3407 312 3473 Paulo
332 3415 410 3492 post
429 3405 563 3494 repperi
583 3405 687 3473 alium
715 3406 854 3474 fratrem
873 3406 880 3496 Ι
899 3405 1021 3492 ijsdem
1036 3405 1081 3475 de
1096 3405 1211 3487 rebus,
1240 3403 1366 3488 quibus

145 3515 220 3584 illud
230 3519 333 3588 etiarn
348 3520 592 3588 consulebatur
611 3520 656 3588 ad
675 3522 787 3588 aulam
809 3521 901 3609 regis
919 3543 966 3589 ne
985 3519 1082 3601 irem,
1105 3521 1167 3586 sed
1187 3517 1365 3588 Placentia

147 3631 347 3705 discederem
373 3634 627 3704 Salmanticam.
657 3637 735 3703 Hoc
766 3635 945 3702 consilium
972 3633 1055 3702 mihi
1070 3656 1140 3703 non
1161 3633 1302 3721 placuit,
1326 3644 1365 3700 vt

149 3746 222 3815 irem
233 3749 489 3833 salmanticam
507 3751 636 3838 placuit
660 3774 705 3821 ne
725 3751 761 3816 in
789 3751 913 3817 aulam:
932 3751 979 3817 ita
994 3749 1100 3818 statui
1122 3759 1217 3818 recta
1246 3747 1366 3817 venire

148 3861 361 3952 Complutum
377 3865 402 3932 ⁸.

204 3981 290 4048 Veni
312 3981 534 4051 Placentiam:
564 3982 680 4050 statim
696 3981 848 4050 intellexi
863 3982 979 4050 literas
1002 4001 1078 4048 esse
1095 3979 1208 4067 regias
1227 3980 1271 4047 ad
1295 3999 1362 4047 me.

202 4095 289 4165 Veni
311 4073 401 4164 vltro
416 4097 460 4164 ad
480 4106 683 4184 praetorem:
706 4096 917 4184 interrogaui
939 4095 967 4162 si
987 4094 1069 4183 quid
1086 4095 1228 4164 haberet
1247 4095 1366 4162 litera·

143 4227 211 4275 rum
224 4210 266 4276 ad
282 4232 350 4280 me:
368 4211 544 4299 respondit
558 4213 697 4281 habere.

153 4353 339 4371 ’Ἢ

194 4421 202 4453 “
238 4425 300 4479 Pol.
316 4437 369 4495 159
381 4443 413 4482 v.
431 4443 557 4482 vacuum
569 4435 713 4484 remanet.

191 4509 202 4543 ¹
236 4512 309 4582 Ma,
328 4514 423 4569 litrrb.

194 4597 205 4628 ³
238 4599 551 4672 Ms.,damottrobunt.

191 4687 205 4719 ⁴
238 4687 581 4762 Succumus,toc.cit.,
598 4691 693 4750 n.36.
