3604 5380
806 481 871 550 1561
960 473 970 503 ⁸
1415 477 1450 552 83

212 655 311 713 rum,
333 633 409 700 siue
429 635 520 719 quod
542 633 660 716 nollet,
683 633 758 704 siue
779 635 873 720 quod
894 656 966 702 non
984 644 1112 720 posset;
1136 631 1231 702 nolui
1250 632 1341 705 enim
1367 633 1452 702 illud
1520 623 1526 638 ’

212 749 420 818 decernere.
447 783 450 830 4

288 865 411 948 ltaque
424 864 593 951 despondi
608 865 759 932 animum
774 888 796 932 a
810 863 1006 934 visitatione
1019 864 1181 934 Bethicae
1193 874 1228 931 et
1240 863 1450 953 Aragoniae,

213 989 255 1047 et
271 978 438 1046 constitui
453 982 546 1066 apud
560 999 616 1048 me
630 981 675 1047 de
689 1001 824 1048 summa
838 1001 963 1047 rerum.

287 1091 371 1160 Dixi
382 1092 534 1162 Araozio
548 1096 637 1164 velle
651 1116 707 1162 me
721 1093 876 1164 diuidere
890 1093 1100 1182 prouinciam
1114 1095 1284 1166 Castellae
1299 1094 1336 1162 in
1350 1096 1449 1177 duas;

213 1207 323 1296 regni
350 1207 482 1277 scilicet
508 1209 660 1292 toletani,
689 1221 726 1281 et
750 1209 876 1280 veteris
903 1211 1084 1292 Castellae,
1101 1221 1136 1279 et
1166 1231 1272 1297 quum
1291 1210 1298 1299 Ι
1317 1211 1452 1280 abesset

217 1327 262 1390 Ρ.
282 1323 503 1404 FranciscuS‚
520 1325 704 1414 designare
718 1324 999 1407 commissarium
1017 1324 1160 1413 eligeret
1174 1325 1249 1411 ipse
1261 1325 1354 1410 quod
1366 1326 1451 1392 mal-

215 1440 280 1504 let:
295 1460 375 1507 esse
401 1438 666 1523 commissarius,
689 1461 734 1507 an
752 1439 971 1527 prouincialis
991 1441 1187 1508 altervtrius
1206 1438 1403 1527 prouinciae
1426 1443 1448 1506 ¹.

288 1554 445 1621 Euocaui
460 1555 688 1641 prouinciales
704 1553 979 1624 Bustamantium
994 1577 1075 1622 cum
1092 1558 1133 1623 Ρ.
1152 1557 1256 1640 Placa
1275 1566 1311 1625 et
1326 1557 1449 1636 Suare,

213 1668 429 1737 Cordesium
444 1691 524 1738 cum
536 1673 703 1753 Romanu,
716 1681 752 1738 et
767 1671 836 1737 dixi
852 1680 890 1736 vt
905 1671 1139 1757 examjnarent
1153 1691 1216 1758 per
1235 1691 1349 1740 meum
1369 1692 1452 1738 exa-

218 1805 305 1851 men
327 1805 449 1854 omnes
473 1788 593 1853 Patres
616 1796 651 1854 et
675 1787 808 1866 fratres
830 1795 866 1854 et
886 1786 1039 1855 facerent
1058 1785 1124 1854 illis
1143 1786 1288 1853 liberum
1316 1785 1453 1852 nomine

220 1921 317 1982 meo,
347 1900 443 1984 quod
462 1920 531 1988 ego
548 1900 651 1968 simul
668 1901 777 1971 literis
797 1901 840 1968 ad
860 1900 952 1987 ipsos
970 1899 1059 1967 datis
1074 1900 1301 1969 communiter
1314 1899 1397 1983 dixi,
1414 1911 1453 1965 vt

219 2013 355 2101 singuli
366 2014 557 2084 scriberent
568 2015 709 2084 secretis
721 2015 828 2084 literis
843 2014 1006 2101 quicquid
1016 2027 1115 2084 erant
1129 2013 1299 2103 praesenti
1313 2013 1457 2097 dicturi,

217 2137 257 2197 et
272 2130 319 2197 de
333 2151 385 2210 se,
403 2129 490 2197 110
504 2127 563 2219 [et]
579 2131 623 2197 de
638 2133 742 2198 rebus
757 2129 906 2217 collegij3
921 2140 956 2199 et
967 2129 1074 2197 indixi
1086 2153 1155 2216 quo
1168 2142 1321 2217 tempore
1336 2139 1452 2198 essent

218 2245 375 2312 venturi.
393 2245 550 2313 Euocaui
565 2256 740 2332 praeterea
757 2248 796 2313 Ρ.
816 2246 1104 2316 Valderauanum.
1124 2245 1228 2313 Volui
1244 2243 1359 2312 statim
1369 2243 1454 2311 visi-

221 2371 299 2426 tare
313 2359 413 2446 regni
431 2359 571 2427 toletani
586 2370 622 2427 et
637 2361 808 2428 Castellae
823 2359 980 2447 collegia,
1003 2361 1095 2446 quod
1115 2359 1198 2426 mihi
1211 2369 1291 2456 'erat
1310 2380 1453 2429 conces-

218 2495 313 2554 sum,
331 2487 368 2542 et
383 2475 469 2542 nihil
484 2475 629 2563 amplius
642 2476 850 2544 contendere
865 2476 891 2542 ⁸.

293 2591 413 2675 Quum
428 2592 516 2658 haec
530 2601 724 2672 tractarem,
742 2600 883 2658 venerat
898 2591 942 2657 ad
957 2612 1013 2660 me
1023 2611 1139 2659 comes
1150 2588 1312 2670 serianus,
1327 2587 1386 2674 qui
1403 2589 1448 2654 sa-

219 2703 451 2774 miliarissime
465 2703 603 2790 quidem
617 2727 752 2774 meeum
768 2704 852 2794 egit,
874 2705 881 2795 Ι
900 2729 921 2774 a
940 2727 1010 2791 quo
1028 2705 1181 2774 intellexi
1201 2703 1286 2776 nihil
1306 2702 1388 2770 mihi
1409 2705 1453 2770 ab

219 2819 301 2906 ipso
316 2820 475 2906 praesidij
492 2819 665 2908 expectari
679 2841 792 2907 posse,
805 2831 873 2888 etc.
890 2819 1041 2890 «Tienen
1052 2821 1103 2886 las
1114 2840 1267 2900 manos»,
1280 2829 1347 2886 etc.
1363 2820 1454 2885 Rur-

221 2958 304 3003 sum
320 2936 423 3023 redijt
437 2957 567 3018 comes
584 2935 679 3005 venit
693 2935 775 3004 item
790 2936 990 3004 Rodericus:
1012 2935 1068 3003 hic
1089 2944 1195 3004 totam
1213 2955 1351 3002 eausam
1372 2932 1454 3000 iecit

220 3055 331 3140 longe
345 3051 570 3120 dificiliorem.
588 3051 694 3120 Visus
708 3062 761 3120 est
776 3051 894 3119 venire
908 3060 1080 3120 commoto
1101 3061 1205 3136 atque
1224 3048 1358 3118 infenso
1378 3047 1454 3115 ani-

220 3189 295 3248 mo,
312 3167 406 3254 quod
423 3188 529 3253 quum
543 3167 756 3251 miraremur,
773 3167 870 3254 petijt
886 3189 906 3234 a
921 3189 975 3234 me
991 3175 1029 3232 vt
1044 3167 1130 3233 duos
1151 3167 1272 3232 Patres
1291 3164 1454 3251 designa-

220 3281 424 3374 rem,[cum]
435 3281 561 3369 quibus
571 3283 615 3350 de
626 3283 729 3350 rebus
740 3281 953 3369 grauissimis
964 3289 1094 3368 ageret.
1109 3277 1301 3366 Designaui
1318 3282 1358 3347 Ρ.
1378 3280 1453 3346 An-

221 3397 360 3465 tonium
371 3407 407 3466 et
420 3400 459 3465 P.
470 3397 742 3465 Bustamantium
750 3397 818 3486 (hic
828 3397 920 3465 enim
932 3396 999 3464 iam
1010 3395 1175 3483 venerat).
1190 3394 1292 3482 Legit
1303 3393 1370 3460 illis
1380 3393 1454 3479 epi—

219 3515 350 3582 stolam
367 3515 462 3601 Mag.
482 3513 625 3588 Polanci
638 3537 682 3583 ex
696 3511 936 3581 commissione
953 3515 992 3580 P.
1017 3509 1187 3599 generalis
1202 3511 1246 3578 ad
1265 3530 1320 3577 me
1339 3509 1454 3575 datam

220 3627 398 3698 Lutetiae.
418 3629 519 3696 Hanc
534 3627 711 3716 epistolam
727 3627 954 3714 interceperat
970 3625 1170 3708 Rodericus,
1184 3646 1264 3692 nam
1275 3646 1364 3705 eam,
1377 3623 1453 3710 opi-

222 3766 304 3824 nor,
323 3742 463 3812 miserat
478 3746 518 3811 P.
537 3744 709 3810 Polancus
720 3766 781 3830 per
790 3744 942 3830 legatum
957 3740 1115 3828 Philippi.
1129 3743 1179 3808 Ea
1190 3749 1264 3809 erat
1275 3739 1351 3808 m
1370 3736 1455 3806 scri-

224 3871 287 3945 pta
302 3870 424 3926 contra
439 3857 638 3940 Araozium,
656 3869 694 3926 vt
707 3858 816 3940 illum,
835 3859 890 3927 vel
905 3859 949 3925 ad
964 3855 1158 3938 concilium,
1175 3856 1232 3926 vel
1249 3855 1389 3922 domum
1411 3855 1455 3924 ad

223 3995 323 4054 snos,
346 3975 402 4042 vel
423 3974 490 4042 alia
508 3973 640 4043 ratione
655 3973 704 4042 ita
718 3995 869 4061 agerem,
887 3983 926 4039 vt
936 3971 993 4040 ille
1005 3973 1141 4040 abesset
1151 3970 1196 4039 ab
1207 3970 1297 4050 aula,
1311 3979 1346 4037 et
1357 3976 1455 4035 erant

224 4089 294 4170 his,
320 4111 410 4176 quae
425 4107 539 4170 narro,
557 4089 741 4177 asperiora.
764 4086 908 4157 Addidit
927 4085 1153 4155 contumelias
1168 4085 1362 4154 verborum:
1383 4079 1456 4172 [ait]
1569 4111 1572 4118 ⁴

223 4225 306 4272 esse
338 4203 515 4286 inuidiam,
539 4214 607 4272 etc.
636 4213 676 4270 vt
700 4206 786 4272 haec
812 4203 856 4270 ad
875 4225 931 4270 me
961 4201 1140 4270 referrent:
1178 4221 1215 4268 se
1251 4219 1320 4267 non
1354 4217 1456 4284 posse

222 4319 349 4387 deesse
364 4319 525 4387 Araozio:
543 4318 678 4402 minari,
696 4330 763 4388 etc.
782 4321 807 4384 ⁸.

284 4507 294 4541 ¹
329 4483 586 4579 Saccrlruu8,loc
608 4505 724 4587 cit.,n.
742 4521 788 4576 44.

283 4598 296 4629 ⁸
331 4594 528 4666 succmuos,
540 4596 598 4651 loc.
611 4595 726 4664 cit.,n.
739 4607 785 4664 45.

284 4684 297 4716 ¹
332 4683 529 4754 SACCHmUS,
541 4684 598 4739 loc.
612 4681 677 4755 cit„
690 4701 741 4738 nn.
754 4695 801 4753 45,
814 4681 859 4750 46.
