3526 5380
608 435 643 490 26
661 435 835 490 Funauamr
855 433 924 502 1563
1325 447 1378 506 2¹9

168 607 227 671 que
240 607 281 652 no
296 598 479 657 mostrasse
494 609 554 656 sus
569 584 710 654 escritos
726 587 759 651 al
774 585 913 668 nuncio,
928 607 1057 673 porque
1070 609 1114 654 no
1126 588 1212 656 dexe
1225 590 1269 656 de
1282 597 1377 657 tener

169 701 330 768 autoridad
345 725 428 788 para
444 713 535 770 otras
557 724 659 771 uezes
679 722 747 769 con
764 702 813 770 Su
830 703 1021 788 Magestad.

225 836 254 900 3.
299 803 449 885 Emonos
461 819 622 906 alegrado
634 817 672 882 in
684 817 834 882 Domino
845 837 913 901 que
924 823 996 886 este
1013 827 1071 885 tan
1087 827 1248 888 contento
1260 821 1292 888 el
1304 839 1376 886 em-

166 932 294 1016 perador
308 932 391 1001 dese
406 953 447 1000 su
464 931 609 1019 collegio
628 934 650 1012 ¹,
668 953 692 1016 y
707 951 829 1016 parece
844 931 958 998 bueno
973 934 1006 999 el
1025 933 1169 1020 disegno
1189 936 1233 1002 de
1252 955 1375 1021 procu-

165 1065 213 1111 rar
226 1068 283 1132 por
296 1049 328 1114 el
344 1057 502 1132 presente
518 1048 683 1132 concluyr
698 1047 748 1112 las
763 1067 862 1114 cosas
878 1047 945 1128 del,
963 1049 1119 1114 dexando
1134 1050 1167 1115 la
1178 1050 1376 1116 conclusion

164 1159 261 1227 delas
275 1163 318 1229 de
333 1161 468 1229 Vienna
483 1184 564 1248 para
580 1162 706 1248 tiempo
722 1168 794 1228 mas
809 1172 990 1248 oportuno.
1006 1163 1170 1230 Tambien
1183 1187 1246 1232 nos
1257 1168 1376 1234 hemos

163 1275 312 1362 alegrado
325 1278 369 1344 de
385 1279 417 1343 la
433 1277 545 1344 buena
561 1278 667 1344 orden
682 1297 750 1362 que
765 1298 803 1344 se
818 1278 863 1342 ha
878 1278 968 1344 dado
983 1278 1092 1344 delos
1108 1298 1174 1361 400
1192 1295 1223 1350 Δ
1234 1279 1298 1344 ,dos
1314 1282 1339 1360 ²,
1354 1303 1374 1366 y

162 1391 278 1474 deque
293 1413 329 1458 se
344 1392 486 1478 espidan
501 1393 552 1460 las
566 1393 668 1460 letras
684 1393 727 1458 de
742 1392 775 1457 la
792 1391 968 1459 fundation
985 1394 1029 1462 de
1045 1396 1169 1480 Praga.

160 1622 198 1678 da
208 1624 233 1677 la
245 1623 353 1678 Maesta
366 1622 494 1678 Cesarea
506 1621 536 1676 di
549 1620 611 1677 fare
624 1622 734 1692 ch’egli
747 1621 791 1676 sie
804 1639 861 1676 uno
873 1621 911 1676 de
930 1623 1021 1694 quelli
1037 1625 1092 1678 che
1109 1623 1236 1680 consulti
1252 1625 1375 1682 insieme

161 1728 214 1766 con
225 1712 288 1766 altri
299 1711 429 1783 theologi
443 1710 579 1767 chiamati
592 1709 629 1765 da
641 1710 701 1766 Sua
721 1709 831 1766 Maesti
844 1711 871 1766 le
889 1709 1057 1766 comissioni
1069 1713 1124 1767 che
1137 1715 1164 1768 la
1177 1714 1303 1770 Cesarea
1316 1715 1376 1770 Sua

162 1799 265 1854 Maesti
276 1802 313 1855 ha
325 1801 363 1856 da
374 1801 443 1856 dare
457 1818 474 1856 a
487 1801 507 1856 li
520 1799 585 1856 suoi
598 1799 803 1854 ambasciatori
816 1799 846 1855 in
858 1799 993 1855 concilio.
1005 1799 1097 1856 Come
1107 1801 1225 1875 dunque
1238 1803 1267 1858 io
1277 1805 1376 1858 m’ale·

161 1905 210 1961 gro
226 1889 254 1945 di
270 1888 315 1945 cib
331 1907 387 1945 con
404 1891 433 1944 le
450 1889 508 1945 SS.
531 1889 599 1944 VV.
622 1889 727 1958 tlhme,
745 1888 807 1944 cosl
819 1890 856 1944 *le
874 1889 987 1961 suplico
1004 1889 1041 1944 da
1062 1907 1140 1946 nouo
1157 1893 1223 1962 che,
1240 1892 1375 1948 accioch'e

160 1979 247 2033 siamo
258 1978 288 2033 in
299 1978 396 2034 sicuro
408 1977 438 2032 di
450 1984 535 2050 poter
548 1975 754 2031 intieramente
768 1977 920 2050 alegrarci,
931 1978 971 2031 mi
984 1975 1098 2034 saccino
1109 1982 1191 2034 uenir
1200 1978 1251 2053 qui
1264 1981 1283 2036 il
1295 1988 1376 2036 tanto

160 2066 194 2121 da
205 2084 251 2122 me
262 2065 428 2123 desiderato
441 2065 534 2121 Padre
547 2064 663 2133 Natale,
681 2065 788 2137 perche
805 2082 861 2121 con
879 2074 923 2120 tre
940 2065 1001 2121 uoti
1017 2067 1095 2122 ch’io
1112 2065 1250 2140 dissegno
1267 2069 1376 2125 hauere

160 2155 396 2210 uniformemente
417 2153 649 2224 catholicissimi,
668 2170 726 2208 non
748 2155 811 2208 solo
828 2152 980 2226 preualero
998 2147 1067 2226 o'gni
1090 2173 1211 2212 erronea
1228 2158 1377 2230 opinione,

159 2245 230 2300 nella
241 2247 326 2317 quale
340 2242 544 2300 accordassero
556 2242 668 2314 gl'altri
680 2241 741 2312 doi,
756 2260 801 2296 ma
814 2259 847 2298 so
860 2251 942 2298 certo
954 2245 1019 2298 chel
1033 2243 1132 2299 Seldio
1145 2245 1287 2301 conuerti
1303 2247 1378 2302 rete-

158 2333 210 2390 rire
222 2351 238 2388 a
250 2333 309 2389 Sua
323 2333 451 2390 Cesarea
464 2333 575 2388 Maesta
588 2332 642 2387 che
656 2330 686 2386 in
699 2347 768 2386 cose
782 2333 957 2402 theologice,
971 2333 991 2388 li
1004 2333 1099 2405 pareri
1111 2333 1159 2388 del
1173 2332 1306 2407 Staphilo
1319 2352 1378 2390 non

159 2439 225 2478 sono
236 2438 351 2494 sempre
364 2439 480 2494 sempre
493 2420 624 2476 securi...
639 2421 680 2476 D.
697 2421 766 2475 VV.
785 2420 840 2475 SS.
859 2421 953 2476 111,me
970 2428 1001 2476 et
1019 2422 1103 2476 ΒΑΜ
1120 2423 1267 2478 humilies.
1286 2424 1377 2480 serui·

158 2520 215 2567 tore
231 2513 263 2568 11.
281 2523 428 2566 vescovo
445 2511 626 2566 Domino.»
644 2511 689 2564 Ex
711 2511 882 2582 archetypo,
900 2509 930 2564 in
951 2510 1071 2565 archivo
1090 2519 1205 2566 secreto
1223 2512 1376 2582 Vaticano,

160 2599 268 2655 Concil.
292 2600 389 2663 Tria„
404 2601 454 2654 n.⁰
467 2596 513 2664 30,
525 2597 579 2652 fol.
597 2596 644 2652 28.

203 2689 283 2744 Idem
294 2687 342 2744 die
359 2701 390 2757 14
403 2687 554 2742 Februarii
570 2685 638 2756 1563
651 2688 723 2741 haec
736 2686 813 2742 inter
826 2685 883 2742 alia
897 2685 933 2741 ad
951 2687 1071 2742 eosdem
1084 2689 1197 2759 legatos
1210 2689 1372 2744 scribebat:

157 2797 180 2831 u.
188 2819 194 2833 .
202 2779 253 2847 ,lo‚
266 2777 419 2835 conforme
430 2795 448 2832 a
460 2783 569 2849 quanto
581 2777 619 2830 ho
631 2774 734 2830 scritto
749 2791 800 2846 per
813 2775 886 2830 altre
900 2775 969 2848 mie,
982 2793 1040 2831 non
1053 2775 1188 2832 mancard
1201 2777 1232 2833 di
1245 2786 1322 2834 tutta
1335 2779 1376 2833 in·

157 2866 261 2924 dustria
277 2875 310 2923 et
326 2866 479 2938 diligentia
496 2866 551 2920 che
568 2865 647 2919 uscir
665 2861 722 2935 pud
742 2863 778 2918 da
801 2863 903 2918 lamia
924 2863 1095 2938 debolezza,
1114 2883 1167 2937 per
1188 2875 1328 2923 contener
1347 2867 1377 2922 in

158 2957 244 3012 uffitio
265 2955 301 3012 S.
323 2957 400 3010 11.ῑῦ
417 2963 448 3010 et
470 2954 627 3026 impetrare
645 2954 751 3008 ch’ella
769 2953 795 3007 si
817 2950 952 3021 rissolua,
969 2954 1117 3009 conforme
1136 2955 1163 3009 al
1180 2955 1292 3026 giust0,
1312 2956 1377 3012 eth

157 3053 258 3118 quanto
270 3045 434 3118 parimente
447 3043 464 3099 e
477 3041 644 3098 desiderato
661 3041 737 3096 dalle
756 3040 812 3096 SS.
835 3042 903 3096 VV.
925 3043 1019 3098 111,me
1039 3043 1069 3098 in
1087 3045 1163 3099 bona
1179 3045 1274 3114 gratia
1293 3045 1330 3099 de
1349 3047 1377 3100 le

156 3135 228 3206 quali
236 3135 429 3190 humilmente
439 3132 479 3188 mi
490 3129 692 3200 raccomando,
703 3128 872 3185 auisandole
882 3131 938 3186 che
947 3129 1073 3186 essendo
1082 3131 1133 3204 qui
1145 3149 1297 3205 comparso
1309 3137 1377 3208 quel

157 3223 243 3279 Pedre
256 3223 362 3278 Natale
372 3221 483 3294 jesuita
495 3220 532 3276 da
545 3237 592 3274 me
606 3226 687 3275 tanto
701 3217 879 3287 desiderato,
892 3218 1045 3276 attendere
1057 3236 1112 3276 con
1126 3229 1208 3277 tanto
1221 3223 1271 3295 piu
1281 3225 1377 3280 animo

156 3329 316 3384 aprocurar
328 3317 407 3366 tutto
417 3311 518 3383 quello
530 3310 584 3365 che
598 3307 663 3363 sard
679 3308 832 3381 possibile.
851 3309 897 3362 Da
910 3308 1052 3382 Inspruch
1065 3311 1115 3366 alli
1132 3311 1193 3382 xiiij
1208 3311 1238 3366 di
1251 3313 1379 3368 Febraro

159 3399 255 3470 1563.»
269 3401 314 3455 Ex
328 3399 499 3471 archetypo,
513 3397 634 3468 ibidem,
648 3396 702 3452 fol.
720 3395 756 3452 36
768 3415 802 3451 v.

204 3491 259 3546 Die
272 3497 373 3546 autem
385 3501 421 3543 ιο
431 3487 582 3543 Februarii
594 3483 673 3557 1563,
684 3484 762 3542 idem
773 3485 809 3541 ad
824 3485 944 3542 eosdem
954 3487 1027 3542 haec
1036 3485 1194 3544 referebat:
1207 3491 1284 3548 u...E
1296 3498 1374 3546 stato

155 3577 226 3634 dalla
243 3578 356 3635 Maesta
373 3575 501 3634 Cesarea
517 3591 681 3630 commessa
697 3575 746 3630 alli
765 3574 839 3631 detti
859 3576 990 3647 theologi
1009 3578 1036 3632 la
1055 3577 1188 3648 maggior
1206 3587 1379 3634 secretezza

156 3669 301 3737 possibile3
314 3681 370 3723 con
383 3674 461 3722 tutto
473 3664 520 3722 cio
533 3665 553 3721 il
566 3671 736 3737 presentato
753 3680 881 3719 vescouo
901 3663 1062 3736 pedinense
1080 3673 1110 3720 et
1129 3665 1148 3721 il
1169 3667 1205 3721 Ρ.
1223 3666 1343 3723 Canisio
1357 3669 1377 3724 11

156 3758 228 3828 quali
239 3773 333 3812 sanno
346 3756 437 3811 molto
447 3756 535 3826 bene,
545 3754 613 3826 qual
626 3752 670 3810 sia
682 3752 805 3823 l’obligo
815 3754 877 3808 loro
887 3769 942 3809 con
956 3756 983 3809 la
994 3753 1064 3809 sede
1074 3755 1244 3826 apostoliea,
1255 3758 1379 3812 s'hanno

156 3845 326 3918 consigliato
339 3860 433 3912 meco,
447 3852 478 3899 et
490 3860 549 3898 non
561 3841 683 3897 diranno
696 3857 776 3912 cosa,
789 3842 844 3896 che
858 3857 915 3896 non
929 3842 972 3897 sia
984 3845 1143 3914 approbata
1156 3843 1202 3899 dal
1221 3845 1258 3899 Ρ.
1275 3845 1379 3901 Hiero-

157 3933 230 3990 nimo
243 3935 348 3990 Natale
361 3941 392 3988 et
403 3933 442 3988 da
455 3949 513 4000 me,
526 3941 558 3987 et
570 3933 615 3986 col
629 3930 722 4002 primo
735 3927 873 3986 mandari>
886 3931 970 4002 copia
984 3947 1000 3984 a
1011 3932 1073 3985 VV.
1088 3929 1132 3986 SS
1154 3933 1242 3988 111,me
1253 3933 1284 3989 di
1294 3951 1378 3992 come

157 4023 297 4080 hauerano
306 4022 481 4093 consigliato
491 4020 589 4093 questi
597 4019 645 4074 doi
661 4059 678 4075 ..
690 4017 742 4076 S’e
753 4017 828 4075 fatto
838 4026 915 4074 tutto
926 4019 945 4074 il
956 4019 1108 4092 possibile,
1121 4023 1258 4078 accioche
1268 4023 1287 4078 il
1301 4024 1377 4080 fran-

158 4112 268 4169 ciscauo
280 4129 341 4169 non
353 4113 441 4167 escha
453 4110 490 4166 de
504 4108 621 4164 termini
633 4108 840 4181 rispondend03
855 4125 902 4163 ma
915 4109 932 4163 ὲ
946 4109 1079 4181 uecchio,
1099 4109 1265 4180 fantastice,
1283 4113 1378 4185 rigido

159 4211 186 4255 et
197 4203 336 4274 praticato
349 4202 439 4256 molto
451 4199 499 4255 dal
513 4197 809 4270 Quinqueclesiense.
817 4236 840 4253 ..
867 4197 912 4251 Da
925 4198 1078 4269 Inspruch,
1092 4198 1142 4253 alli
1154 4216 1194 4253 xx
1206 4199 1236 4256 di
1251 4201 1378 4258 Febraro

161 4289 236 4358 1563.
252 4293 295 4348 D.
312 4291 381 4346 VV.
398 4287 456 4344 SS.
477 4285 783 4344 111.nehumi1issimo
802 4302 900 4358 seruo,
920 4287 951 4342 IL
969 4297 1115 4344 vescovo
1133 4289 1315 4348 Domino.»
1334 4293 1378 4346 Ex

159 4381 323 4455 uchetypo,
338 4379 459 4449 ibidem,
472 4376 527 4433 iol.
544 4377 619 4434 381.

210 4474 218 4505 ¹
253 4470 331 4526 Vide
343 4469 432 4543 epist.
451 4465 515 4536 253,
529 4485 562 4522 n.
580 4479 610 4522 2.

207 4557 219 4590 ⁸
252 4559 309 4616 Die
323 4572 357 4616 22
369 4557 521 4613 Februarii
536 4554 604 4625 1563
622 4556 696 4611 haec
713 4553 750 4609 de
768 4553 865 4610 Natali
883 4561 914 4610 et
931 4554 1050 4611 Canisio
1068 4555 1216 4614 scribebat
1234 4560 1377 4615 Polancus

163 4645 194 4701 P.
211 4649 359 4706 bladridio:
375 4647 434 4704 «La
446 4645 612 4721 pronission
624 4643 671 4701 del
686 4643 858 4716 emperador
869 4643 973 4700 tendrd
985 4646 1097 4701 buenos
1113 4647 1326 4704 sollicitadores
1339 4667 1378 4705 en
1484 4651 1488 4668 ¹
