3604 5380
652 477 688 520 20
705 461 892 520 Novmnm
914 463 998 533 1562.

766 615 863 676 ‘m

611 730 648 786 P.
672 730 851 804 JACOBUS
870 731 1018 787 LAINEZ

449 848 610 914 PATRI
643 849 967 917 HIERONYMO
997 848 1182 918 NADAL

482 975 644 1033 monum,
661 962 694 1017 16
705 967 778 1030 (vm
793 967 838 1032 17)
851 974 1032 1020 novnumns
1047 963 1115 1032 15⁶2
1130 967 1151 1018 ¹.

240 1077 291 1132 An
304 1078 505 1133 visitationem
518 1079 716 1153 collegiorum
723 1080 877 1152 prosequi,
890 1080 939 1135 vel
955 1080 1135 1136 Tridentum
1149 1083 1279 1154 pergere
1294 1083 1397 1155 magis

454 1169 604 1240 expediat,
617 1169 725 1224 Patris
737 1169 840 1224 Nadul
846 1169 967 1240 judicio
979 1169 1178 1240 relinquitur.

274 1313 393 1393 Padre,
411 1324 541 1398 quanto
558 1323 635 1380 toea
648 1314 680 1380 al
696 1313 819 1380 acabar
834 1314 867 1381 la
879 1312 992 1393 uisite,
1010 1317 1031 1380 ό
1046 1314 1183 1380 dexarla
1199 1336 1222 1399 y
1242 1312 1340 1381 uenir
1355 1321 1430 1395 aea,

196 1429 238 1494 lo
254 1449 317 1514 que
333 1450 388 1495 me
404 1450 526 1514 pareze
541 1450 590 1510 eS,
609 1450 677 1513 que
693 1449 851 1516 suponga
866 1449 933 1513 que
948 1434 1010 1495 act
1026 1439 1174 1496 estamos
1190 1428 1225 1494 in
1237 1428 1430 1516 equilibrio,

197 1565 224 1628 y
241 1543 417 1610 deseamos
432 1545 466 1610 lo
483 1565 549 1628 que
565 1549 637 1611 mes
653 1550 728 1612 sert
744 1543 890 1612 seruicio
904 1544 948 1611 de
970 1543 1055 1612 Dios
1075 1546 1118 1611 N.
1138 1546 1176 1626 S;
1199 1567 1221 1631 y
1247 1549 1295 1612 asi
1313 1551 1433 1630 queria

198 1680 269 1744 que
284 1660 327 1727 de
344 1680 413 1726 una
429 1668 525 1746 parte
540 1659 664 1729 mirase
679 1659 712 1726 el
732 1660 826 1726 fruto
845 1680 914 1744 que
934 1681 971 1726 se
987 1666 1104 1727 secare
1127 1662 1170 1727 de
1191 1662 1224 1728 la
1244 1659 1345 1729 uisite
1361 1684 1383 1748 y
1399 1663 1433 1727 la

197 1773 404 1842 necessidad
424 1775 525 1855 della,
547 1775 581 1841 lo
599 1775 679 1860 qual
700 1775 808 1862 podrlt
828 1775 933 1842 desde
953 1775 1019 1842 alle
1035 1776 1227 1862 uermejor,
1245 1797 1309 1863 por
1325 1780 1433 1844 hauer

116 1915 120 1925 ’
199 1895 275 1956 mis
292 1891 443 1956 trattado
461 1890 512 1956 las
532 1911 644 1972 cosas3
667 1890 711 1958 de
731 1891 764 1956 la
790 1901 865 1956 otra
892 1899 986 1977 parte
1014 1891 1098 1960 mire
1112 1892 1146 1958 lo
1172 1893 1216 1958 de
1236 1897 1309 1972 acte,
1327 1914 1431 1979 supo-
1544 1884 1548 1894 '

199 2007 316 2073 nendo
342 2027 410 2091 que
431 2027 477 2072 no
498 2007 617 2074 tendrtt
638 2015 721 2073 uoto
746 2015 843 2074 entre
863 2006 915 2073 los
937 2006 1087 2094 obispOS,
1109 2029 1192 2094 pero
1211 2010 1318 2094 podri
1339 2009 1435 2078 decir

199 2133 300 2189 entre
320 2123 373 2189 los
390 2122 582 2208 theologoS,
604 2142 702 2188 como
722 2122 774 2188 los
792 2121 921 2190 Padres
937 2123 1114 2207 Salmeron
1126 2146 1149 2209 y
1162 2124 1313 2192 Polanco
1324 2126 1350 2205 ¹,
1363 2148 1386 2211 y
1397 2127 1435 2192 lo

198 2238 332 2320 demin
352 2236 434 2306 bien
445 2258 513 2322 que
529 2235 712 2304 hablando.

445 2489 495 2554 P.
535 2387 947 2556 HIERONlioeniUS
985 2489 1195 2557 NADAL

581 2599 702 2657 PATRI
726 2600 882 2673 JACOBO
906 2601 1053 2658 LAINEZ

534 2712 719 2766 onmronn,
739 2713 774 2754 20
792 2712 974 2755 novnnems
995 2702 1063 2770 1562
1082 2703 1104 2756 ⁸.

197 2819 222 2860 1.
237 2803 351 2861 Rector
362 2800 487 2873 collegii
503 2799 690 2854 monacensis
707 2798 880 2872 Augustam
897 2800 1055 2855 venit-2.
1076 2800 1198 2856 Natalis
1218 2803 1366 2858 adventus
1385 2804 1436 2858 Iu-

248 2891 461 2966 golstadium:
474 2889 635 2961 collegium
649 2887 796 2942 invisitur
813 2887 850 2940 ab
866 2887 1037 2960 ipso-eo.
1055 2890 1234 2964 Augustani
1249 2891 1370 2965 collegii
1388 2911 1436 2949 res

250 2987 282 3038 et
290 2987 443 3055 personae
455 2996 475 3032 a
488 2979 525 3032 Ρ.
540 2977 644 3032 Nodal
656 2979 698 3032 ad
709 2977 889 3032 exactiorem
903 2979 1041 3033 ordinem
1054 2980 1253 3054 rediguntur:
1266 2981 1374 3037 domus
1385 2984 1437 3038 So·

249 3069 358 3128 cietati
369 3069 471 3124 oblata
479 3071 539 3139 pro
551 3067 678 3140 collegio
691 3067 875 3121 commodius
884 3067 1080 3123 instituendo:
1089 3068 1224 3124 subsidia
1233 3072 1436 3142 promisso.-

248 3175 278 3232 7.
291 3161 383 3216 Aliae
392 3175 442 3214 res
450 3157 608 3230 Augustae
618 3160 646 3210 et
656 3155 840 3230 ingolstadii
851 3161 999 3212 statutae:
1012 3159 1048 3212 de
1059 3159 1185 3232 collegio
1198 3163 1226 3214 et
1237 3161 1437 3217 universitate

250 3247 484 3323 Dilingae.--8.
499 3247 722 3319 Lanspergiam
736 3247 849 3300 accedit
866 3246 904 3300 P.
924 3246 1038 3302 Nadal:
1055 3251 1276 3304 monasterium
1292 3251 1436 3306 Societati

248 3342 415 3396 dormtum:
428 3339 464 3392 de
476 3335 613 3408 collegiis
624 3335 867 3408 ingolstadiensi,
888 3337 1062 3392 monacensi
1077 3342 1105 3392 et
1126 3339 1397 3412 straubingensi.-
1401 3357 1433 3410 9.

249 3431 301 3486 De
315 3429 353 3483 P.
368 3427 486 3490 Dirsio,
498 3431 553 3481 etc.
638 3441 641 3446 ’

799 3519 850 3583 he.

268 3641 355 3721 Muy
372 3635 461 3702 Rd0.
478 3655 522 3700 en
539 3631 677 3700 Christo
694 3519 816 3700 Paere.
842 3633 915 3698 Pax
939 3630 1079 3715 Christi,
1103 3643 1169 3704 etc.
1193 3635 1247 3702 En
1267 3646 1341 3704 esta
1360 3635 1435 3704 dire

192 3753 402 3772 -—-—--—-

254 3794 264 3826 ¹
303 3789 349 3844 Ex
363 3787 498 3857 Regest„
515 3783 588 3840 Cod.
601 3798 646 3855 33,
656 3784 696 3855 c),
707 3783 758 3839 iol.
769 3799 804 3853 44
814 3802 846 3838 v.
855 3827 863 3855 ,
873 3783 938 3840 sine
947 3783 1007 3854 die,
1018 3784 1072 3840 sed
1081 3785 1178 3858 posita
1186 3786 1356 3843 immediate
1366 3797 1433 3860 post

191 3880 357 3955 epistolam
370 3876 419 3931 die
435 3876 467 3929 16
482 3873 562 3929 Nov.
579 3873 686 3940 datam,
700 3882 731 3928 et
740 3881 808 3928 ante
822 3874 912 3942 illam,
926 3891 1001 3946 quae
1014 3885 1046 3944 17
1059 3874 1192 3946 ejusdem
1202 3878 1312 3932 mensis
1323 3877 1432 3950 scripta

192 3971 270 4028 fuit.
289 3968 325 4023 In
338 3964 482 4036 margine:
497 3963 560 4018 Per
572 3963 596 4017 il
609 3963 637 4016 P
649 3972 679 4005 ’θ
699 3962 804 4018 Natal.

250 4063 263 4094 ¹
303 4056 361 4112 ΡΡ.
377 4055 540 4121 Salmeron,
555 4051 686 4123 theologi
698 4051 845 4123 pontificis
860 4067 980 4106 manere
998 4051 1029 4107 in
1046 4052 1171 4109 concilio
1191 4054 1312 4126 egregie
1327 4055 1432 4128 tunge-

189 4153 297 4207 batur.
316 4144 392 4201 Vide
406 4143 622 4211 Petcnvrcnn,
636 4142 692 4196 loc.
707 4139 770 4212 cit,
784 4140 836 4197 lib.
850 4140 1025 4212 XV11,cap.
1039 4154 1082 4214 vt,
1096 4159 1129 4198 n.
1143 4155 1171 4210 23
1183 4149 1213 4198 et
1223 4144 1345 4213 Boeno,
1362 4145 1432 4201 Vita

190 4239 246 4296 del
260 4237 298 4292 P.
313 4235 380 4308 Alf.
400 4233 588 4296 Salmerone,
607 4247 697 4303 pagg.
724 4230 838 4298 85-102.
864 4231 911 4286 De
932 4229 966 4284 P.
990 4231 1117 4286 Polanco
1139 4233 1212 4288 haec
1234 4231 1431 4291 Snccmttus:

190 4328 374 4398 «Polancus,
395 4323 446 4396 qui
467 4323 539 4377 item
561 4319 639 4376 inter
660 4319 828 4390 Theologos
851 4319 1030 4376 sententiam
1055 4322 1231 4392 peragebat,
1254 4339 1313 4378 non
1335 4325 1432 4380 solum

188 4419 295 4487 docta,
305 4429 410 4470 verum
423 4419 455 4467 et
466 4409 598 4483 graviter
610 4409 690 4465 culta
703 4409 835 4464 oratione
848 4417 936 4464 vtens
954 4410 1195 4482 approbationem
1215 4429 1252 4468 ex
1270 4411 1377 4468 merito
1389 4414 1433 4470 ie-

192 4509 314 4564 rebatm
327 4505 385 4560 loc.
399 4502 455 4579 cit.
468 4519 498 4556 n.
513 4499 558 4556 86.

254 4597 266 4630 ⁸
303 4594 348 4649 Ex
361 4591 534 4664 archetypo,
546 4588 578 4645 in
591 4589 690 4662 Epist.
705 4588 822 4655 Natat„
837 4589 876 4660 11,
890 4587 1000 4662 duplici
1011 4587 1075 4660 iol„
1085 4602 1120 4661 95
1130 4591 1205 4662 (196,
1218 4595 1292 4664 197).
1308 4593 1343 4648 In
1356 4609 1437 4648 sum·

196 4703 250 4745 ma
262 4698 313 4742 ora
325 4681 438 4757 primae
450 4679 587 4755 paginae,
600 4679 702 4752 ignota
714 4693 816 4734 mann:
831 4677 913 4748 1562.
