3666 5384
354 403 389 444 20
772 387 805 441 P.
826 387 966 442 Numinis
985 387 1151 443 Eranusa.

421 603 453 669 t)
823 605 1092 684 ansrnnounx,
1112 605 1158 670 a.⁰

422 771 581 841 Redierat
597 773 739 841 loannes
755 773 895 839 Paulus.
913 773 1042 840 Actum
1057 793 1136 839 curn
1152 771 1283 842 infante
1297 770 1574 840 D.¹1⁰Ludouico

356 889 400 957 de
415 885 639 974 applicatione
653 885 788 974 collegij
805 885 889 974 regij
907 886 1165 956 conimbriensis
1181 886 1356 968 Societati,
1375 887 1467 972 quod
1478 887 1575 954 labo-

357 1013 409 1071 ret
421 1023 480 1070 rex
491 1001 527 1068 in
537 1001 813 1088 praeceptoribus
825 1002 1043 1089 reperiendis.
1059 1005 1139 1071 Non
1148 1012 1201 1072 est
1212 1011 1432 1070 transactum.
1447 1004 1576 1070 Trans-

357 1127 472 1196 actum
487 1118 579 1204 apud
595 1138 711 1204 regem
727 1118 770 1184 de
785 1117 944 1186 missione
960 1116 996 1183 in
1016 1117 1220 1203 Ethiopiam.
1245 1117 1401 1187 Breuiter
1420 1117 1577 1186 restituta

357 1233 430 1302 visa
445 1241 526 1300 sunt
541 1231 655 1299 omnia
670 1231 706 1297 in
726 1232 912 1314 Lusitania,
931 1243 968 1299 vt
988 1231 1101 1320 potius
1121 1232 1295 1300 videretur
1315 1232 1419 1301 fuisse
1439 1231 1496 1299 illa
1516 1252 1578 1299 ne-

356 1347 504 1417 cessaria
529 1347 689 1434 purgatio
715 1357 750 1414 et
776 1346 946 1429 salutaris,
976 1347 1103 1438 quaml
1122 1347 1279 1416 attulisse
1304 1347 1443 1433 aliquod
1472 1345 1579 1416 detri-

362 1473 513 1530 mentum
529 1460 704 1531 Societati.
722 1461 842 1532 Gloria
856 1465 944 1545 Deo,
958 1474 1025 1530 etc.

429 1642 490 1709 lo
854 1643 1016 1724 Enomu,
1036 1641 1087 1710 2.⁰

319 1841 321 1843 ·
429 1810 575 1881 Exercui
607 1832 732 1878 munus
760 1810 975 1879 visitationis.
999 1814 1126 1881 Actum
1148 1814 1193 1882 de
1218 1811 1352 1900 collegij
1382 1811 1580 1880 fundatione

330 1903 335 1914 ¹
362 1949 441 1995 cum
468 1926 646 2009 cardinali,
675 1937 711 1996 et
737 1929 851 2013 quoad
876 1927 973 1995 licuit
1000 1937 1208 1996 transactum
1229 1939 1293 1998 est.
1316 1929 1498 1996 Inchoatae
1529 1927 1580 1997 le-

364 2042 495 2112 ctiones
515 2041 752 2109 humaniorum
772 2042 945 2112 literarum
965 2053 1000 2113 et
1020 2065 1162 2111 casuum
1188 2043 1428 2113 conscientiae.
1458 2042 1507 2109 lbi
1527 2041 1580 2108 in-

366 2157 504 2226 choauit
518 2159 642 2227 docere
657 2157 859 2226 rethoricem
876 2158 1112 2246 Perpinianus:
1134 2161 1271 2228 Marcus
1289 2157 1464 2246 Georgius
1482 2179 1583 2226 casus

333 2269 337 2280 “
367 2273 595 2343 conscientiae
613 2275 635 2339 ¹.

434 2451 483 2516 1¹
880 2453 1080 2522 Connusln

434 2623 473 2688 In
489 2620 609 2690 itinere
636 2619 824 2707 periculum
844 2621 980 2689 loannis
1007 2621 1106 2689 Pauli
1127 2621 1161 2687 in
1189 2621 1334 2688 transitu
1359 2619 1519 2690 fluminis.
1546 2621 1586 2688 ln

369 2738 536 2805 descensu
562 2737 606 2802 ad
632 2737 750 2805 vrbem
776 2739 959 2805 vehemens
985 2736 1147 2823 cogitatio
1174 2758 1269 2805 meae
1289 2735 1523 2824 ineptitudinis
1542 2737 1587 2804 ad

369 2850 555 2920 ministeria
571 2850 763 2931 SocietatiS,
786 2861 852 2918 etc.
875 2853 1002 2940 Actum
1017 2853 1060 2918 de
1076 2851 1276 2920 fundatione
1296 2851 1431 2938 collegij
1450 2862 1485 2918 et
1510 2851 1588 2918 vni-

373 2965 544 3034 uersitatis
559 2986 637 3032 cum
653 2967 697 3032 D.
717 2967 853 3036 loanne:
872 2967 1064 3033 consultum
1079 2967 1190 3034 visum
1207 2977 1261 3034 est
1275 2978 1313 3033 vt
1328 2968 1371 3034 ab
1388 2966 1588 3034 fundatione

370 3105 416 3151 ne
435 3081 616 3148 excludere
637 3079 831 3150 videremur
853 3081 1037 3150 ciuitatem.
1061 3082 1120 3149 Illa
1135 3081 1287 3149 adhibita
1310 3081 1454 3170 ingessit
1470 3081 1588 3148 miram

371 3197 605 3280 dificultatem;
623 3219 714 3278 nam,
733 3219 838 3282 quum
853 3197 938 3263 nihil
953 3196 1180 3284 polliceretur,
1197 3197 1300 3266 miras
1320 3197 1546 3286 obligationes
1564 3196 1571 3286 Ι

373 3323 408 3381 et
427 3311 668 3399 impedimenta
692 3314 912 3381 obtrudebat:
934 3312 1048 3398 itaque
1067 3333 1132 3381 nec
1158 3316 1202 3381 D.
1233 3316 1377 3382 loannes
1402 3324 1506 3398 atque
1525 3333 1590 3382 nec

373 3432 413 3497 P.
448 3430 476 3495 F
478 3427 650 3496 ranciscus
682 3439 866 3515 potuerunt
897 3429 908 3462 ¹
942 3439 1058 3497 tenere
1092 3428 1309 3516 patientiam.
1355 3427 1505 3514 Reliquit
1535 3450 1590 3495 me

374 3546 415 3611 P.
433 3546 461 3610 F
462 3543 643 3610 ranciscus.
667 3542 922 3612 Bustamantius
941 3554 977 3610 et
1001 3545 1040 3611 P.
1063 3544 1236 3612 Antonius
1251 3555 1420 3615 venerunt
1434 3545 1479 3611 ad
1498 3565 1589 3610 mar-

373 3657 589 3726 chionissam.
619 3658 684 3746 Egi
704 3660 797 3726 solus
823 3658 969 3746 primum
996 3681 1075 3727 cum
1102 3663 1148 3728 M.
1179 3660 1298 3728 Auila:
1322 3661 1516 3729 confectum
1536 3668 1589 3726 est

374 3773 567 3862 negocium;
585 3774 647 3842 sed
661 3774 793 3842 adiecta
804 3773 861 3841 illa
876 3774 1082 3857 conditione,
1099 3786 1137 3841 vt
1151 3777 1269 3844 dotato
1284 3774 1429 3862 collegio
1444 3797 1483 3843 se
1503 3775 1589 3843 obli·

374 3899 473 3978 garet
488 3889 640 3958 Societas
655 3899 693 3955 vt
711 3888 776 3956 sibi
795 3889 980 3974 videretur,
998 3913 1077 3958 nam
1097 3890 1166 3959 dixi
1187 3902 1383 3959 constanter
1397 3890 1521 3960 Auilae
1535 3912 1590 3960 me

336 4082 339 4102 ,
375 4027 443 4072 non
459 4026 719 4087 consensurum,
737 4005 802 4072 nisi
818 4008 883 4074 hoc
899 4005 1113 4089 adiiceretur,
1132 4018 1198 4075 etc.

441 4121 609 4189 Confecta
623 4129 675 4188 est
691 4120 858 4208 scriptura
869 4121 1076 4190 fundationis
1089 4122 1269 4191 tabellione
1282 4121 1393 4190 Patris
1406 4124 1453 4190 M.
1468 4119 1592 4202 Toleti,

375 4237 441 4304 sub
456 4235 592 4303 nomine
609 4237 718 4304 Nabal
733 4233 817 4328 [sic];
836 4240 928 4323 quod
942 4259 1010 4325 ego
1028 4237 1123 4306 nolui
1142 4237 1304 4326 expungi.
1325 4236 1429 4305 Dedit
1449 4237 1595 4323 amplam

376 4351 467 4420 illam
479 4352 619 4418 domum
630 4353 701 4421 don
713 4354 869 4422 loannes:
883 4353 1080 4442 inceperant
1094 4355 1218 4424 docere
1229 4354 1284 4422 12
1295 4353 1331 4421 in
1341 4354 1445 4420 domo
1456 4350 1592 4432 decani,

431 4515 438 4547 ¹
477 4513 543 4567 Fol.
562 4525 594 4567 1o
607 4531 639 4568 v.
657 4530 782 4570 vacuum
793 4521 935 4570 remanet.

428 4605 439 4638 ¹
476 4602 544 4674 Mn,
553 4604 723 4675 potuerint.
