3666 5384
382 466 417 523 24
802 456 836 510 P.
856 453 998 511 Nnrnms
1016 456 1084 512 Errr
1107 467 1182 512 una.

378 606 468 674 inter
479 627 563 673 suos
577 605 684 673 edidit
697 605 823 675 librum
837 617 956 676 contra
967 607 1128 678 exercitia
1147 611 1170 676 ¹.
1189 607 1279 678 Veni
1294 606 1337 672 ad
1353 608 1398 673 D.
1417 602 1567 691 Diegum
1579 627 1603 672 a

379 722 554 802 Corduba,
568 720 627 808 qui
639 722 750 792 fuerat
760 707 796 789 in
808 721 923 792 Sicilia
936 723 1110 809 syndicuS,
1124 734 1160 791 et
1176 733 1250 793 erat
1265 730 1444 807 cooptatus
1455 719 1491 786 in
1506 741 1603 787 sum-

380 858 475 903 mum
490 835 672 904 concilium
687 837 933 925 inquisitionis:
952 837 981 905 is
997 849 1050 907 est
1061 840 1235 926 professus
1251 858 1328 906 esse
1339 835 1478 922 quidem
1488 835 1602 905 delata

379 950 554 1033 exercitia,
573 952 674 1019 simul
689 952 797 1019 videri
812 954 855 1020 ab
871 953 1000 1020 inuidia
1011 956 1197 1040 profectam
1209 953 1266 1021 ll)
1276 951 1368 1018 illam
1379 950 1598 1018 delationem.

383 1066 536 1160 Rogauit
550 1076 588 1133 vt
604 1069 827 1136 concederem
841 1067 888 1154 illj
906 1068 1052 1136 videnda
1068 1067 1244 1136 exercitia:
1263 1089 1333 1135 non
1351 1063 1517 1145 concessi,
1539 1063 1602 1132 sed

382 1183 482 1271 plane¹
497 1181 580 1264 dixi,
599 1181 628 1249 si
643 1183 771 1250 vellent
786 1195 906 1251 contra
920 1183 977 1251 illa
992 1205 1108 1271 agere,
1123 1205 1186 1250 nos
1201 1205 1278 1252 esse
1293 1182 1350 1248 illa
1366 1189 1602 1267 propugnatu-

313 1287 315 1293 ’
382 1319 451 1379 ros,
469 1319 541 1365 non
555 1307 594 1363 vt
609 1308 737 1379 nostra,
755 1299 817 1366 sed
831 1308 869 1364 vt
884 1321 905 1365 a
920 1299 1001 1366 sede
1017 1297 1202 1386 apostolica
1213 1296 1380 1385 legittime
1391 1295 1602 1376 confirmata,

383 1414 475 1498 quod
501 1411 566 1499 ipsi
592 1411 730 1482 scirent:
760 1435 830 1481 non
856 1423 909 1483 est
933 1436 987 1482 res
1006 1412 1149 1484 vlterius
1170 1433 1354 1500 progressa
1379 1414 1405 1493 ¹,
1432 1420 1604 1478 ettamen

381 1530 602 1597 vehementer
618 1529 741 1596 dehac
760 1529 934 1598 delatione
954 1529 1192 1599 exercitiorum
1208 1526 1317 1595 nostri
1337 1527 1601 1614 trepidauerant.

449 1629 572 1729 Coepit
586 1665 691 1731 agere
707 1646 746 1712 P.
762 1645 790 1711 F
791 1644 966 1712 ranciscus
981 1665 1060 1712 cum
1076 1645 1351 1712 commendatore
1368 1644 1546 1710 Moschera
1560 1640 1605 1708 de

382 1758 484 1825 domo
495 1756 713 1839 simanciana,
723 1780 811 1845 quae
820 1771 894 1827 erat
902 1760 946 1827 ad
956 1782 1074 1829 omnes
1086 1759 1344 1826 commoditates
1355 1767 1556 1844 opportuna.
1578 1753 1585 1843 Ι

382 1873 511 1940 Actum
526 1883 579 1940 est
594 1873 639 1940 de
653 1873 800 1961 collegio
815 1874 942 1944 Montis
954 1874 1065 1962 Regij,
1079 1875 1169 1944 vnde
1181 1883 1301 1961 postea
1312 1873 1377 1940 fuit
1392 1871 1602 1940 inchoatum.

452 2051 518 2119 2⁰
877 2056 1112 2123 Prxceurrns

453 2218 595 2306 Egimus
611 2221 792 2289 Villanoua
810 2231 846 2290 et
858 2242 927 2311 ego
943 2243 1022 2289 cum
1038 2221 1197 2309 episcopo
1215 2221 1259 2290 de
1280 2219 1479 2288 fundatione
1498 2219 1605 2288 colle·

384 2333 447 2421 gij,
466 2344 500 2402 et
516 2334 756 2422 transegimus:
772 2335 933 2404 remansit
945 2335 1013 2404 illic
1026 2336 1218 2418 Villanoua,
1233 2346 1271 2401 ut
1288 2357 1358 2405 rem
1371 2343 1601 2421 promoueret.

384 2449 568 2519 Inchoatae
583 2461 664 2517 sunt
679 2450 854 2520 lectiones.
873 2453 922 2518 At
938 2453 1074 2537 quando
1091 2473 1158 2538 ego
1170 2449 1314 2532 decessi,
1328 2449 1452 2517 missus
1463 2459 1517 2517 est
1528 2469 1604 2514 rur-

386 2586 463 2632 sum
490 2587 532 2634 eo
556 2567 596 2633 P.
622 2565 817 2651 Villanoua,
842 2577 880 2633 vt
902 2565 1263 2654 praeesset.labricae;
1281 2566 1372 2635 vnde
1392 2564 1604 2635 existimatur

386 2682 542 2747 morbum
563 2681 783 2764 contraxisse,
810 2704 854 2750 ex
874 2704 943 2769 quo
963 2693 1118 2750 mortuus
1139 2691 1191 2750 est
1212 2683 1325 2750 bonus
1347 2684 1450 2749 Pater
1466 2681 1490 2746 ⁵.

454 2860 507 2926 2¹
869 2862 1128 2930 Smunurrcne

453 3029 489 3094 ln
505 3028 653 3114 hospitio
670 3029 841 3098 famelicos
857 3031 944 3098 duos
957 3033 1145 3098 monachos
1162 3029 1390 3098 franciscanos
1402 3027 1547 3097 inuitaui
1562 3030 1605 3096 ad

387 3143 578 3230 prandium,
598 3154 664 3212 etc.
687 3144 846 3213 Visitaui:
869 3146 974 3212 habui
995 3144 1258 3214 exhortationes.
1278 3145 1327 3212 Ibi
1344 3144 1408 3211 luit
1427 3143 1607 3214 emendata

386 3259 444 3326 illa
459 3260 634 3346 percussio
649 3282 786 3329 mensae
807 3262 851 3329 ad
872 3261 1073 3348 principium
1094 3271 1128 3330 et
1143 3261 1247 3328 finem
1267 3260 1397 3347 prandij
1415 3269 1451 3329 et
1465 3280 1605 3330 coenae.

387 3373 437 3442 lbi
454 3373 604 3442 intellexi
619 3377 664 3444 de
679 3376 766 3443 Cani
781 3376 817 3444 in
843 3399 906 3445 nos
922 3377 1109 3446 offensione
1139 3386 1174 3444 et
1204 3375 1404 3458 maledictis3
1430 3385 1465 3445 et
1493 3384 1605 3442 tamen

388 3500 552 3558 euocatus
563 3513 607 3558 ex
618 3493 828 3580 Portugallia
839 3494 962 3562 Strada
974 3493 1094 3561 eodem
1106 3502 1258 3580 tempore
1270 3491 1335 3558 fuit
1346 3489 1607 3572 celebris,etat-

388 3605 467 3671 tulit
478 3605 686 3693 singularem
700 3609 848 3675 fructum
860 3607 1049 3676 animabus.
1063 3610 1117 3676 De
1129 3607 1225 3674 Cano
1236 3627 1355 3674 rursus
1366 3606 1489 3673 dicam.
1511 3604 1518 3694 Ι
1538 3607 1606 3673 Re·

387 3721 508 3807 spondi
527 3732 563 3789 et
582 3722 639 3789 hic
659 3725 777 3807 multa,
794 3745 883 3809 quae
893 3725 1107 3790 habebantur
1122 3721 1158 3788 in
1178 3720 1294 3809 primis
1309 3720 1602 3789 instructionibus.

387 3836 518 3923 Accepi
532 3836 663 3906 itineris
678 3839 808 3906 socium
825 3841 872 3907 M.
891 3839 1111 3907 Emanuelem
1127 3839 1171 3908 de
1186 3838 1264 3920 Saa,
1282 3836 1342 3923 qui
1361 3857 1496 3906 mecum
1512 3836 1607 3905 venit

388 3953 542 4020 Romam.

455 4131 515 4197 ἣ
665 4222 666 4226 ¹
795 4149 798 4156 ’
925 4134 1071 4201 Amne

451 4300 553 4367 Volui
570 4299 653 4367 illud
672 4298 874 4389 principium
895 4299 1022 4380 videre,
1046 4300 1139 4387 quod
1160 4299 1287 4369 fecerat
1309 4300 1350 4365 P.
1370 4297 1607 4366 Ferdinandus

389 4433 600 4444 —-—.—-

439 4491 448 4523 ¹
486 4487 561 4543 Vide
574 4489 738 4558 Potnrt00,
754 4487 878 4560 Chaon„
896 4489 951 4560 111,
966 4486 1165 4560 Appendices.

440 4581 451 4614 ¹
489 4578 556 4648 Me,
566 4583 744 4652 progressu.

437 4667 449 4699 ³
486 4667 553 4738 Ms,
566 4671 609 4724 asi
621 4672 760 4722 mortuus
772 4672 814 4724 ast
826 4667 918 4723 bonus
933 4667 1036 4721 Pater.
1051 4665 1118 4721 Fol.
1137 4677 1171 4720 20
1185 4681 1214 4720 v.
1230 4681 1356 4720 vacuum
1376 4669 1524 4719 remanet.
