3666 5384
359 425 394 494 56
781 427 815 482 P.
836 427 978 484 Nuraurs
997 427 1163 484 Eranusa.

358 578 548 644 socordiam
575 578 890 666 intercipiebantur,
911 581 967 648 vel
994 582 1039 648 ad
1058 603 1144 667 quos
1165 583 1388 652 mittebantur
1404 579 1464 662 illi,
1479 577 1526 646 illi
1543 581 1587 647 ad

361 695 497 760 Patrem
528 694 748 762 remittebant
773 697 975 762 damnantes
1007 695 1142 763 illorum
1175 700 1315 764 Patrum
1347 695 1588 783 importunita-

359 820 441 889 tem,
458 819 525 876 etc.
545 810 631 875 lllud
646 809 728 877 item
743 832 803 897 per
815 811 926 879 socios
941 812 1029 879 fidos
1047 813 1168 880 fratres
1183 812 1370 900 prouisum,
1389 821 1427 878 vt
1444 811 1584 879 resciret

360 925 464 990 Pater
479 924 626 992 vicarius
641 927 685 992 ad
700 946 789 1011 quos
805 926 980 995 venissent
996 930 1018 995 ¹.

428 1041 495 1105 Res
510 1060 553 1108 eo
568 1039 634 1108 iam
651 1041 838 1108 deuenerat
853 1052 890 1107 vt
902 1044 946 1109 ab
963 1042 1139 1110 Bobadilla
1155 1043 1202 1110 illi
1214 1063 1236 1126 4
1250 1045 1370 1112 Patres
1385 1041 1583 1122 deficerent,

360 1155 578 1236 Paschasius,
593 1155 689 1224 tuo
705 1155 836 1240 Simon,
855 1157 966 1238 Viola,
985 1157 1170 1225 Adrianus
1187 1161 1266 1226 Non
1279 1169 1392 1224 tamen
1404 1168 1586 1244 propterea

359 1268 422 1336 soli
446 1268 666 1357 imperatores
689 1271 855 1353 deterriti,
881 1275 942 1342 sed
970 1273 1121 1340 animum
1148 1275 1350 1342 confirmare
1373 1271 1533 1354 vicissim,
1552 1282 1587 1341 et

359 1385 524 1453 acriorem
544 1409 696 1474 pugnam
716 1410 847 1474 parare:
871 1389 986 1475 itaque
1006 1400 1107 1456 vocat
1122 1388 1158 1456 in
1179 1389 1232 1456 ius
1254 1388 1433 1456 Bobadilla
1449 1391 1586 1456 Patrem

359 1499 535 1582 vicarium,
554 1504 653 1569 effert
668 1502 832 1587 libellum,
851 1526 914 1571 nos
930 1504 1044 1572 verbis
1059 1505 1210 1575 refutare
1232 1502 1444 1590 apertissima
1460 1501 1585 1586 omnia,

359 1617 452 1702 quod
467 1616 593 1686 dificile
609 1640 681 1685 non
700 1630 785 1700 erat,
809 1619 980 1688 dicentem
997 1621 1206 1688 Bobadillam
1223 1622 1266 1688 de
1286 1619 1443 1687 instituto
1463 1618 1583 1686 conlu-

360 1741 444 1812 tare,
466 1754 487 1799 a
508 1753 578 1818 quo
602 1755 737 1820 semper
758 1735 822 1802 fuit
843 1734 986 1816 alienus,
1012 1735 1111 1803 cuius
1130 1757 1264 1822 semper
1291 1735 1356 1802 fuit
1375 1732 1588 1821 imperitissi-

360 1867 436 1913 mus
453 1848 477 1912 ¹.
829 1916 831 1924 ,

424 1961 614 2032 Videbatur
640 1987 773 2032 summa
793 1965 799 2054 Ι
819 1965 1005 2054 indignitas
1028 1977 1063 2036 et
1086 1966 1246 2034 Patribus
1272 1977 1308 2032 et
1332 1965 1500 2051 carpensi,
1523 1950 1595 2032 sed¹

358 2078 538 2148 summisse
551 2079 615 2146 luit
625 2081 768 2167 tempori
780 2081 983 2148 cedendum.
992 2083 1101 2168 Saepe
1113 2092 1258 2150 vocatus
1265 2079 1442 2148 Bobadilla
1454 2081 1497 2148 ad
1508 2101 1585 2148 car-

359 2216 511 2280 pensem,
531 2195 707 2263 Bobadilla
721 2217 898 2282 nunquam
914 2196 1020 2278 venit,
1039 2197 1172 2264 causari
1188 2218 1311 2264 senon
1327 2217 1428 2282 posse
1456 2197 1585 2282 absque

356 2331 422 2377 suo
438 2310 607 2377 aduocato
622 2310 855 2379 iureconsulto
877 2313 998 2381 adesse
1024 2311 1164 2392 iudicio,
1191 2310 1286 2378 illum
1310 2331 1386 2380 esse
1409 2309 1533 2392 virum,
1549 2321 1586 2377 vt
1689 2335 1691 2343 ·

357 2425 614 2510 grauissimum,
631 2426 679 2494 ita
699 2427 1010 2513 occupatissimum.
1030 2428 1170 2498 Veritus
1189 2427 1374 2514 carpensis,
1404 2451 1449 2496 ne
1470 2426 1586 2496 erbis

355 2540 634 2609 contentionibus
660 2541 901 2609 detrimentum
929 2542 1084 2611 Societas
1110 2552 1305 2628 pateretur,
1335 2541 1586 2609 communicato

357 2654 452 2741 prius
475 2677 552 2722 cum
579 2658 738 2725 Patribus
758 2657 916 2740 consilio,
940 2658 1108 2726 aduocato
1130 2655 1325 2740 Bobadilla,
1348 2656 1398 2724 sic
1418 2656 1583 2726 decreuit.

359 2773 462 2840 Pater
478 2772 562 2840 101
577 2773 709 2860 (inquit)
724 2775 870 2859 LayneS,
885 2773 1082 2841 conuocatis
1094 2785 1129 2844 et
1139 2772 1256 2860 primis
1279 2784 1314 2842 et
1338 2773 1412 2840 aliis
1426 2770 1586 2840 Patribus

357 2887 402 2954 ad
429 2888 627 2970 concilium,
657 2910 774 2955 eorum
797 2888 921 2956 auditis
945 2889 1138 2975 sententijS,
1164 2888 1371 2959 Societatem
1400 2890 1583 2976 gubernet.

359 3003 614 3070 Confirmarunt
634 3025 754 3074 omnes
772 3003 937 3072 vicarium
959 3007 1002 3071 P.
1027 3006 1195 3090 Laynem,
1218 3013 1352 3090 praeter
1374 3001 1586 3071 Bobadillam

357 3129 394 3184 et
412 3118 574 3186 Pontium
591 3121 616 3186 ³.

427 3233 521 3302 Nihil
536 3233 728 3302 intercessit
745 3235 932 3317 Bobadilla,
951 3235 1011 3303 sed
1023 3235 1098 3304 eius
1113 3234 1286 3304 silentium
1306 3231 1474 3324 [timorem
1490 3232 1590 3300 nobis

359 3349 560 3439 incutiebat]
577 3370 620 3416 ne
643 3349 819 3417 moliretur
834 3350 869 3415 id
889 3351 982 3435 quod
1001 3347 1157 3436 carpensi
1183 3360 1236 3418 est
1256 3349 1418 3430 minatus,
1448 3347 1513 3416 nisi
1534 3370 1589 3416 se-

358 3467 512 3532 cundum
523 3488 561 3534 se
573 3466 820 3552 pronuntiaret,
829 3488 866 3534 se
878 3468 921 3532 ad
933 3486 1105 3532 summum
1118 3463 1313 3550 pontificem
1326 3464 1586 3551 appellaturum.

360 3583 480 3667 ltaque
495 3583 539 3650 de
554 3580 695 3647 consilio
712 3585 853 3648 Patrum
869 3580 978 3647 adiuit
998 3581 1144 3648 Paulum
1166 3582 1205 3646 P.
1230 3561 1383 3666 Laynes,
1406 3600 1495 3665 quae
1516 3587 1589 3644 tur-

361 3695 519 3762 bauerint
546 3697 722 3764 Bobadilla
749 3708 783 3765 et
805 3696 950 3765 Pontius
970 3695 975 3785 Ι
995 3706 1143 3782 peterea
1159 3693 1381 3764 Sanctissimo
1393 3695 1419 3777 ⁴,
1433 3714 1496 3781 pro
1515 3691 1590 3761 eius

359 3810 539 3898 sapientia,
554 3823 591 3877 vt
602 3815 690 3879 hanc
702 3833 840 3879 causam
853 3811 1057 3899 intelligere,
1071 3821 1107 3880 et
1119 3813 1235 3878 fouere
1248 3809 1457 3879 Societatem
1472 3829 1514 3876 ac
1526 3829 1591 3874 sua

360 3926 542 3996 clementia
562 3948 715 3994 recreare
735 3923 861 4020 [vellet]
878 3929 904 3992 ⁵.

430 4042 585 4131 Benigne
601 4043 733 4110 audiuit
750 4043 891 4123 Paulus,
910 4052 945 4110 et
960 4040 1133 4128 pollicitus
1149 4041 1255 4130 estse
1268 4039 1434 4110 Societati
1446 4061 1515 4107 non
1530 4040 1594 4108 de-

423 4291 431 4322 ¹
469 4286 666 4350 Saccuruus,
680 4287 736 4341 loc.
751 4285 814 4353 cit,
828 4302 858 4339 n.
871 4284 921 4354 78.

419 4381 431 4412 ¹
470 4376 740 4446 siccmuus,10e.
757 4374 821 4445 cit,
836 4391 867 4428 n.
886 4374 930 4431 80.

421 4467 433 4500 ⁵
470 4467 666 4534 SaccffluuS,
681 4467 739 4520 loc.
757 4463 827 4534 cit.,
842 4481 895 4518 nn.
913 4461 959 4534 83,
974 4463 1022 4532 84.

417 4557 429 4588 ⁴
466 4553 602 4613 Obscure
614 4555 755 4626 scriptum
768 4555 824 4608 hoc
837 4554 973 4608 verbum.
1048 4623 1053 4632 Ι

417 4649 428 4680 ⁵
466 4646 662 4716 SucchUS,
678 4647 737 4700 loc.
754 4644 820 4714 cit.,
834 4661 865 4700 n.
885 4641 930 4712 84.
