3604 5380
25 4639 136 5024 l

382 455 418 511 86
806 462 839 517 P.
860 460 1002 518 Nireus
1020 461 1186 518 Eranusa.

453 610 551 679 Haec
566 632 672 696 quum
688 611 896 683 audiuissem
913 636 956 684 ex
973 613 1145 694 Patribus,
1163 610 1234 678 dixi
1248 633 1268 679 e
1285 609 1434 698 uestigio
1453 621 1492 676 vt
1510 629 1620 680 sece-

382 725 672 812 derent,ea,quae
684 750 727 796 ex
738 727 845 796 literis
853 739 888 797 et
900 751 943 796 ex
955 726 1356 808 Rodoricoaudiuissent,
1378 725 1385 815 Ι
1404 725 1616 795 seriberent.

383 841 465 908 Erat
479 840 516 906 in
530 840 673 928 epistola
688 844 732 911 ad
747 844 850 911 finem
876 844 1060 928 adiectum,
1075 853 1185 910 toturn
1201 854 1314 911 tamen
1335 841 1520 929 negocium
1536 843 1616 908 Pa-

384 965 469 1022 trem
485 959 681 1044 generalem
697 959 870 1028 remittere
884 961 927 1027 ad
942 980 1056 1026 meum
1073 956 1261 1026 arbitrium.

449 1072 612 1140 Grauiter
627 1085 680 1142 est
696 1085 816 1161 postea
831 1085 1039 1160 conquestus
1054 1075 1145 1161 apud
1165 1095 1220 1141 me
1239 1074 1440 1155 RodoricuS,
1461 1072 1518 1140 cui
1538 1093 1616 1160 ego

383 1198 579 1257 constanter
596 1189 766 1276 respondi,
779 1211 885 1275 quum
899 1201 1013 1259 tamen
1025 1189 1251 1277 patrocinium
1263 1189 1479 1276 profiteretur
1493 1189 1616 1256 Arao-

383 1301 440 1389 zij,
462 1314 498 1370 et
517 1303 663 1373 diceret:
689 1327 746 1372 «es
765 1305 812 1371 mi
833 1305 959 1393 amig0,
984 1307 1129 1386 Padrer,
1151 1316 1218 1372 etc.
1246 1303 1340 1372 Nihil
1367 1304 1528 1391 (inquam)
1555 1313 1618 1372 est

384 1420 477 1503 quod
491 1430 651 1488 vereatur
670 1419 812 1508 grauius
831 1422 1006 1508 agendum
1026 1441 1105 1487 cum
1126 1419 1286 1488 Araozio:
1309 1418 1457 1507 primum
1476 1418 1620 1487 nescire

384 1555 439 1601 me
455 1533 537 1620 quid
551 1547 764 1621 sequeretur:
784 1539 886 1604 Pater
902 1537 1084 1624 generaliS,
1101 1535 1160 1602 vbi
1175 1536 1223 1602 ita
1239 1534 1416 1616 scriberet,
1434 1535 1527 1602 haud
1541 1536 1616 1600 du-

384 1647 440 1718 bie
454 1649 550 1716 illum
570 1651 652 1718 trs
671 1673 797 1738 magna
818 1652 932 1737 aliqua
951 1675 994 1721 ex
1013 1651 1185 1721 delatione
1199 1673 1276 1720 esse
1297 1661 1516 1732 commotum,
1538 1671 1616 1718 non

382 1764 535 1850 potuisse
546 1765 812 1852 nonprouidere,
822 1787 910 1852 quae
921 1767 1178 1850 videbantur;et
1190 1778 1304 1836 tamen
1315 1765 1405 1832 illam
1412 1764 1616 1834 adhibuisse

383 1881 665 1962 moderationem,
683 1903 772 1968 quae
789 1881 869 1949 lacit
883 1893 922 1950 vt
940 1881 1026 1948 nihil
1045 1881 1089 1950 sit
1110 1883 1253 1970 epistola
1271 1881 1467 1950 metuenda:
1489 1881 1532 1948 ad
1551 1903 1616 1949 me

383 2019 456 2067 rem
473 2007 579 2065 totam
594 2020 670 2066 esse
686 1998 913 2080 commissam,
931 2021 1045 2084 neque
1059 2021 1115 2068 me
1135 1998 1280 2085 amplius
1300 1999 1483 2078 facturum,
1505 2018 1615 2082 quam

383 2113 451 2183 iam
466 2113 583 2183 multis
598 2125 679 2184 ante
693 2114 815 2185 diebus
830 2115 994 2196 dixeram,
1011 2125 1050 2180 vt
1061 2114 1204 2202 eligeret
1216 2136 1260 2180 an
1271 2111 1523 2181 commissarius
1534 2113 1615 2180 vel-

383 2231 430 2297 let
445 2253 533 2312 esse,
547 2253 592 2298 an
603 2229 822 2318 prouincialis
840 2232 850 2264 ¹
867 2229 1064 2298 alterutrius
1079 2230 1260 2298 Castellae.

451 2345 639 2433 Respondit
655 2345 843 2414 Rodericus
858 2367 896 2413 se
912 2344 1104 2433 intelljgere
1125 2345 1207 2432 quid
1227 2345 1416 2412 moliamur:
1439 2367 1515 2414 esse
1534 2347 1616 2412 offi-

384 2461 475 2528 cium
491 2462 711 2549 commissarij
727 2462 1058 2556 extralordinarium,
1078 2483 1118 2528 ac
1134 2461 1282 2548 positum
1298 2461 1334 2527 in
1346 2460 1485 2529 arbitrio
1501 2481 1614 2548 gene-

383 2577 475 2645 ralis:
493 2587 571 2665 post
590 2580 693 2665 paulo
712 2581 948 2668 abrogandum
968 2599 1044 2646 esse
1071 2577 1219 2645 officium
1247 2576 1332 2643 illud
1359 2576 1518 2644 Araozio:
1532 2579 1615 2664 (hoc

383 2715 452 2781 ego
467 2694 568 2780 plane
583 2715 659 2761 sum
674 2695 861 2763 demiratus
876 2697 967 2764 vnde
986 2692 1213 2781 intellexerit).
1235 2691 1397 2762 Subdidit
1416 2703 1455 2759 vt
1473 2713 1541 2780 ego
1559 2691 1612 2758 illi

384 2809 560 2896 pollicerer
575 2831 645 2876 non
660 2811 862 2897 abrogatum
879 2809 931 2877 iri.
950 2809 1042 2877 Dixi:
1056 2811 1169 2894 quoad
1181 2829 1248 2895 ego
1259 2829 1406 2895 possem.
1420 2809 1512 2876 Inter
1523 2811 1612 2878 haec

383 2923 467 2991 nihil
482 2947 597 2994 comes
613 2927 639 2991 ¹.

450 3041 610 3128 Comperi
626 3042 679 3108 his
694 3039 899 3122 actionibus,
913 3051 949 3107 et
960 3050 1096 3107 nostros
1107 3039 1247 3107 omnino
1259 3040 1376 3110 fauere
1391 3037 1550 3120 Araozio,
1573 3051 1613 3106 et

382 3155 541 3224 comitem
558 3157 649 3224 illius
664 3155 938 3225 beneuolentiam
954 3157 1042 3224 velle
1057 3163 1280 3238 'conseruare3
1304 3153 1508 3222 Rodericum
1528 3175 1614 3221 vero

382 3269 467 3338 nihil
482 3294 552 3339 non
567 3283 723 3339 acturum
746 3294 808 3359 pro
829 3271 897 3339 illo.
922 3275 999 3360 Ego
1018 3270 1136 3359 igitur,
1159 3291 1265 3355 quum
1285 3270 1379 3337 solus
1398 3289 1522 3350 essem,
1544 3291 1612 3356 pu·

383 3398 530 3473 gnarent
549 3387 631 3455 tra
652 3388 818 3457 aduersus
838 3409 893 3456 me
913 3385 1039 3467 omnia,
1061 3385 1155 3453 volui
1182 3397 1300 3454 tenere
1326 3382 1610 3465 mediocritatem,

383 3525 447 3572 nec
463 3503 632 3589 conijcere
648 3503 683 3569 in
703 3525 867 3591 magnum
888 3503 1025 3589 aliquod
1044 3501 1286 3572 detrimentum
1307 3499 1526 3581 Societatem,
1549 3501 1611 3566 sed

383 3629 459 3686 tuta
473 3619 571 3704 sequi
586 3618 742 3701 consilia,
759 3630 806 3701 et,
824 3619 853 3687 si
869 3619 952 3705 quid
968 3618 1081 3686 acrius
1096 3628 1187 3688 esset
1203 3618 1388 3705 agendum,
1406 3615 1607 3703 reintegra,

383 3734 496 3819 quoad
512 3733 586 3801 eius
601 3733 675 3801 fieri
690 3735 813 3822 potuit,
831 3735 984 3822 generali
999 3733 1193 3822 praeposito
1203 3753 1391 3802 reseruare.
1406 3730 1528 3800 Abieci
1539 3731 1607 3818 igi-

383 3860 439 3917 tur
449 3870 586 3919 omnem
599 3861 759 3917 conatum
770 3852 826 3919 vel
849 3849 1114 3922 contentionem.
1130 3849 1276 3917 Exercui
1295 3871 1405 3916 meam
1427 3843 1607 3939 visiltatio-

382 3987 475 4050 nem,
492 3965 598 4034 habui
617 3983 657 4048 14
668 3965 932 4035 exhortationes.
948 3967 992 4032 Et
1003 3963 1145 4046 interea,
1159 3966 1241 4031 dum
1256 3963 1410 4048 veniunt,
1424 3985 1513 4049 quos
1524 3985 1607 4033 euo—

383 4102 554 4162 caueram,
583 4081 721 4149 visitaui
747 4081 892 4169 collegia
912 4082 1012 4169 regni
1032 4079 1237 4169 neapolitani
1257 4083 1287 4163 ⁸,
1310 4081 1372 4148 sed
1391 4101 1495 4165 quarn
1514 4079 1609 4166 potui

382 4195 597 4278 breuissime,
614 4195 663 4264 ita
679 4196 769 4266 enim
785 4200 954 4284 vrgebant
969 4207 1126 4285 satrapae
1141 4219 1202 4283 per
1218 4197 1403 4265 Araozium
1419 4197 1444 4261 ⁴.

440 4323 449 4355 ¹
487 4322 557 4394 Ms.,
563 4322 756 4394 prouinciae.

436 4413 447 4445 ¹
485 4409 681 4482 Saccumus,
694 4411 750 4466 loc.
765 4410 835 4482 cit.,
848 4428 898 4465 nn.
912 4411 959 4482 46,
972 4421 1018 4480 47.

436 4499 447 4532 ³
484 4499 599 4554 Ludere
621 4499 740 4556 videtur
761 4499 876 4555 Natalis
897 4501 952 4554 hoc
974 4501 1082 4566 verbo,
1105 4517 1164 4572 quo
1186 4499 1353 4569 significare
1374 4497 1468 4553 voluit
1489 4496 1608 4552 Novam

386 4585 564 4643 Castellum.

438 4679 450 4711 ⁴
486 4675 682 4750 SACCHJNUS,
695 4679 751 4733 loc.
765 4679 830 4749 cit.,
843 4697 876 4733 n.
892 4677 941 4748 48.
