3478 5384
365 430 419 503 346
785 435 889 492 Busa.
910 427 943 490 P.
965 427 1166 505 Ninia-297

364 587 445 653 dato
460 607 541 672 para
556 595 695 654 nuestro
711 585 871 673 collegia,
889 607 911 672 y
927 587 1030 654 hazer
1044 598 1119 653 otto
1130 583 1290 653 distincto
1301 606 1382 671 para
1393 585 1445 652 los
1456 582 1579 670 portio-

364 701 482 785 nistaS,
503 723 527 788 y
547 701 662 787 quiere
682 701 831 790 applicat
853 702 915 769 dos
942 702 1160 771 canonicatos
1185 701 1376 790 prebendas
1398 702 1432 766 la
1456 719 1580 766 mesma

364 817 499 899 ciudad,
522 819 607 886 oltre
628 820 670 886 de
689 829 781 886 otros
801 818 920 886 bienes
940 820 1103 908 seglares.
1126 821 1178 886 En
1199 820 1296 904 Lyan
1316 840 1353 885 se
1375 799 1581 884 comeaciai

364 934 456 1002 dezir
471 935 573 1002 missa
588 956 632 1000 en
647 935 679 1001 el
694 936 807 1016 doma,
829 957 852 1021 y
872 941 1034 1003 comenza
1054 941 1074 1002 a
1095 935 1247 1022 predicar
1262 934 1294 1002 el
1310 937 1379 1000 M.0
1396 933 1554 999 'Emundo
1573 933 1579 964 ¹

364 1071 428 1116 eon
445 1049 671 1137 grandissimo
691 1051 858 1118 auditorio
878 1073 901 1137 y
922 1051 1044 1118 frueto.
1068 1053 1099 1117 Y
1114 1057 1176 1119 aci
1190 1051 1222 1117 el
1242 1050 1400 1118 cardenal
1420 1049 1463 1116 de
1480 1049 1581 1116 Lore—

364 1188 426 1233 nas
439 1166 526 1234 tiene
539 1186 682 1248 nueuaS,
697 1188 794 1233 como
805 1165 890 1233 hieri
902 1168 1054 1250 emendi,
1068 1186 1135 1252 que
1146 1170 1271 1234 hauian
1287 1165 1389 1232 dicho
1405 1171 1426 1232 t
1441 1167 1581 1230 muchos

364 1282 519 1370 prelados
535 1303 602 1367 que
619 1303 665 1348 un
676 1281 803 1367 jesuita
818 1283 852 1348 fa
867 1282 1082 1370 merueglias.
1102 1283 1155 1350 Va
1170 1280 1320 1349 tambien
1336 1281 1443 1349 alltel
1461 1282 1582 1347 Posse-

366 1397 447 1466 uino
462 1420 543 1485 para
558 1398 609 1464 los
624 1397 790 1466 italianos.
809 1399 862 1466 No
878 1419 915 1466 es
930 1399 1065 1486 llegado
1080 1404 1149 1465 aim
1163 1400 1196 1466 el
1213 1402 1253 1466 P.
1273 1397 1460 1466 Oliuerioe
1477 1398 1582 1463 Τιθη-

367 1523 414 1581 to.
434 1517 501 1582 Los
516 1525 608 1581 atros
624 1535 691 1600 que
705 1513 877 1600 'partieron
891 1515 934 1584 de
950 1516 1057 1581 Roma
1072 1537 1116 1601 ya
1131 1515 1236 1601 padri
1251 1537 1305 1583 ser
1318 1524 1393 1580 sten
1406 1535 1448 1582 en
1460 1512 1493 1580 el
1507 1510 1583 1578 Pia-

365 1636 516 1698 mantea
532 1632 678 1718 Sauoya.
698 1631 753 1698 No
768 1629 858 1696 dirre
874 1636 946 1697 mis
961 1653 1004 1699 en
1020 1640 1105 1713 esta,
1123 1631 1198 1698 sino
1213 1652 1280 1717 que
1292 1631 1336 1698 N.
1352 1631 1392 1696 P.
1411 1626 1580 1714 preposito

365 1768 430 1814 can
445 1747 497 1813 los
512 1748 628 1814 demis
642 1767 710 1833 que
726 1751 804 1830 aqui
821 1756 949 1813 stamas
963 1768 1025 1813 nos
1040 1746 1324 1815 encomendamos
1336 1747 1460 1811 mucha
1473 1766 1518 1812 en
1535 1743 1582 1809 las

365 1862 540 1932 oraciones
555 1884 578 1950 y
593 1860 777 1929 sacrificios
793 1863 836 1930 de
853 1863 896 1929 V.
915 1863 956 1930 R.
974 1885 997 1948 y
1012 1862 1067 1930 del
1084 1863 1124 1930 P.
1144 1864 1296 1930 Lorenzo
1313 1862 1339 1928 ².

935 2109 1024 2173 207

608 2267 659 2333 P.
699 2265 1108 2334 HIERONYMUS
1142 2265 1349 2334 NADAL

746 2423 866 2480 PATRI
884 2422 1039 2495 JACOBO
1058 2423 1204 2478 LAINEZ

594 2577 817 2638 ymnoeosna,
836 2565 875 2623 30
894 2579 970 2633 Jnsn
988 2579 1030 2622 ar
1051 2579 1061 2620 1
1083 2577 1222 2622 Auausu
1243 2563 1310 2636 15⁶³
1330 2567 1355 2622 ³.

364 2712 410 2768 De
426 2713 523 2768 variis
542 2711 672 2784 negotiis
688 2711 729 2764 ad
748 2709 877 2783 collegia
897 2701 1095 2772 Germaniae,
1112 2707 1287 2765 Lusitaniae
1300 2713 1328 2764 et
1340 2709 1511 2781 Hispaniae
1522 2711 1580 2780 spe·

310 2805 312 2810 ’
414 2801 572 2866 etantibus,
586 2804 614 2855 et
626 2799 780 2872 speciatim
794 2799 830 2853 de
844 2799 1006 2854 Edmunda
1017 2803 1103 2863 scoto,
1118 2800 1154 2854 de
1167 2799 1239 2854 aliis
1252 2801 1348 2854 Roma
1361 2800 1537 2868 quantocius
1549 2798 1579 2851 iu

417 2889 617 2946 Germaniam
629 2887 796 2951 mittendis,
810 2885 845 2942 de
859 2887 941 2942 bulla
956 2888 1009 2942 Pii
1021 2888 1077 2952 IV,
1091 2887 1230 2959 «Exponi
1241 2888 1341 2942 nabis»
1355 2892 1408 2943 etc.

430 3028 511 3093 Nan
527 3025 688 3092 habemus
703 3025 767 3092 lias
782 3027 924 3108 litteras,
940 3047 1026 3112 quas
1041 3047 1083 3092 ex
1098 3025 1237 3112 epistola
1254 3041 1328 3108 300,
1345 3047 1381 3090 n.
1401 3041 1430 3104 J,
1454 3027 1580 3092 coenat

364 3143 543 3227 scripsisse
559 3143 719 3208 Natalem
735 3143 873 3208 Lainio.
896 3143 1031 3208 Earm
1051 3163 1130 3208 vera
1150 3146 1359 3228 argumenta
1379 3140 1580 3207 desumenda

364 3261 455 3336 utut,
467 3258 599 3342 partim
616 3279 658 3322 ex
673 3257 763 3323 dicta
778 3258 917 3344 epistola
938 3260 1159 3345 300,·partim
1181 3277 1223 3323 eu
1242 3257 1352 3322 altera
1372 3256 1520 3322 Poiauei
1539 3254 1580 3320 ad

364 3371 581 3439 Maduidium
598 3388 619 3458 5
635 3375 788 3461 Augusti
806 3390 825 3438 Ι
826 3373 870 3458 56
873 3390 893 3457 5
908 3373 998 3455 data,
1016 3375 1054 3439 iu
1070 3395 1138 3460 qua
1153 3373 1235 3439 haee
1247 3375 1306 3439 ait·
1325 3373 1389 3438 «El
1405 3373 1451 3438 P.
1472 3371 1580 3439 Nadal

364 3487 449 3554 imae
465 3489 635 3556 instancia
648 3496 715 3576 par
731 3511 780 3555 uu
797 3489 897 3554 lectar
912 3491 1017 3556 buena
1032 3489 1073 3555 da
1088 3495 1181 3555 artes
1190 3496 1284 3576 para
1312 3489 1456 3554 Vienna.
1486 3489 1580 3554 Tam-

364 3604 440 3670 bitn
456 3626 491 3670 es
507 3610 674 3671 menester
689 3609 762 3672 otro
773 3613 866 3691 para
881 3605 1077 3694 Magantia
1089 3613 1220 3692 parque
1235 3627 1276 3671 en
1293 3609 1382 3671 estas
1398 3603 1410 3636 ⁸
1426 3605 1488 3670 das
1498 3612 1579 3690 par·

366 3727 413 3787 tes
429 3741 465 3786 sa
481 3723 675 3803 camieuaau
696 3743 824 3788 ausas.
853 3723 884 3788 T
879 3722 1014 3788 ambie'n
1034 3744 1076 3788 en
1098 3720 1275 3808 Hispruelt
1294 3721 1374 3786 semi
1394 3719 1579 3787 necessario

364 3859 414 3902 uu
429 3837 530 3903 lectar
545 3838 585 3902 de
600 3838 767 3918 dialetica,
783 3860 918 3924 uunque
934 3839 967 3904 si
981 3839 1051 3904 alta
1065 3840 1186 3927 suessa
1202 3839 1232 3904 el
1252 3838 1296 3902 P.
1320 3837 1482 3903 Emunde
1496 3857 1579 3902 esco-

364 3957 395 4018 to
412 3953 434 4033 ⁵,
446 3953 571 4037 podria
587 3973 644 4017 ser
659 3953 762 4039 leyese
777 3975 849 4019 una
865 3954 985 4020 lectita
1001 3953 1042 4020 de
1058 3953 1091 4018 ta
1107 3954 1291 4039 scriptura,
1304 3975 1327 4040 y
1346 3953 1495 4019 tambitu
1514 3955 1578 4018 esta

418 4131 427 4164 ¹
465 4129 623 4200 Augerius,
634 4129 671 4184 de
683 4147 741 4203 quo
754 4131 870 4203 saepius
880 4131 991 4186 dictum
1004 4139 1059 4186 est.
1071 4131 1147 4187 Vide
1158 4131 1221 4202 ejus
1235 4147 1358 4187 examen
1369 4131 1399 4187 in
1410 4131 1508 4203 Epist.
1523 4129 1578 4186 Na-

364 4219 431 4288 iai„
445 4217 470 4285 I,
483 4229 548 4287 74⁰2
561 4230 625 4288 741·

415 4309 426 4340 ²
464 4307 609 4378 Maggius.
632 4308 677 4364 Ita
698 4307 806 4364 desinit
828 4309 900 4364 haec
922 4310 1046 4382 epistola
1068 4310 1131 4364 sine
1153 4309 1202 4365 die
1224 4309 1576 4385 neemense.Reperitu1

363 4402 461 4451 autem
474 4397 550 4452 inter
563 4397 700 4470 epistolas
714 4397 846 4469 Regesti,
859 4397 907 4454 die
921 4411 955 4469 27
969 4399 1039 4471 Julii
1053 4398 1147 4455 datas.

417 4487 428 4519 ⁸
466 4483 508 4540 Ex
521 4487 645 4558 epistola
658 4501 722 4559 299,
737 4506 765 4542 η.
784 4499 809 4555 Ι;
823 4496 853 4543 et
867 4505 904 4542 ex
920 4487 991 4542 Cad.
1007 4488 1100 4552 PLB,
1114 4491 1171 4543 lac.
1186 4486 1261 4544 infra
1273 4488 1325 4544 cit.

419 4575 430 4607 ⁴
467 4575 643 4642 Ms.,entas.

418 4665 429 4696 ⁵
466 4663 541 4718 Vide
554 4665 640 4737 epist.
655 4675 718 4736 295,
732 4683 761 4720 n.
776 4679 802 4720 2.
