3666 5384
796 493 949 552 1554·1555
1469 505 1489 560 9

250 632 403 720 collegio
418 633 527 720 regio.
541 633 736 721 Collegium
747 633 947 720 perusinum
959 633 1151 704 inchoatur.
1165 637 1362 726 Collegium
1373 661 1489 728 eugu-

251 749 377 816 binum
393 748 603 816 inchoatum.
622 751 775 818 Vocatur
790 748 827 818 in
853 749 984 817 ltaliam
1006 752 1046 817 Ρ.
1071 751 1170 820 Viola
1188 773 1230 819 ex
1247 753 1360 823 Gallia
1380 757 1489 825 Lute-

255 863 359 933 ciam:
378 864 413 931 in
429 862 504 931 eius
519 865 632 931 locum
647 864 795 933 mittitur
806 866 847 933 Ρ.
868 865 1086 934 Paschasius.

328 1043 391 1112 36
825 1051 934 1127 [15J54

326 1215 521 1302 Collegium
533 1215 748 1284 cordubense
757 1214 931 1280 fundatur.
940 1213 1133 1302 Collegium
1143 1220 1336 1286 conchense
1346 1218 1490 1287 inchoa-

257 1343 326 1398 tur.
348 1331 547 1400 Persecutio
567 1341 762 1398 nostrorum
784 1328 952 1397 Lutetiae.
977 1332 1017 1397 P.
1045 1331 1250 1400 Paschasius
1269 1332 1490 1419 prouincialis

255 1447 393 1515 Galliae
408 1446 549 1534 primus.
568 1445 762 1534 Collegium
779 1454 985 1532 granatense
1001 1466 1041 1512 ac
1057 1445 1250 1533 hispalense
1265 1461 1406 1516 sumunt
1421 1450 1489 1516 ini-

255 1562 356 1630 tiurn.
376 1563 611 1650 Congregatio
632 1560 814 1628 nationalis
834 1561 1041 1646 Metymnae:
1060 1561 1263 1630 diuiduntur
1277 1565 1487 1650 prouinciae,

256 1689 422 1748 creantur
432 1677 659 1765 prouinciales
670 1694 704 1758 4,
716 1697 755 1744 ac
766 1675 1019 1742 commissarius
1028 1677 1210 1763 generalis.
1223 1680 1262 1745 ln
1272 1680 1490 1768 Monteregio

256 1794 442 1862 inchoatur
457 1794 654 1881 collegium,
671 1803 707 1860 et
727 1792 1024 1878 Caesaraugustae
1039 1791 1075 1858 in'
1091 1791 1218 1862 Sicilia.
1236 1795 1280 1862 D.
1301 1795 1491 1862 Madridius

257 1909 463 1996 adiungitur
471 1908 646 1979 Societati.
669 1907 827 1997 {Domus
834 1906 1489 1993 probationisfundaturSimancae.Re·

256 2025 311 2092 dit
327 2028 470 2093 Romam
483 2028 522 2093 P.
542 2023 685 2092 Natalis.
705 2023 894 2091 Contendit
909 2043 969 2090 rex
985 2043 1204 2090 romanorum
1220 2026 1311 2111 apud
1328 2025 1450 2093 lulium
1468 2046 1490 2111 3

256 2152 299 2207 vt
315 2144 363 2208 M.
383 2139 542 2208 Canisius
557 2149 732 2209 crearetur
751 2136 947 2206 viennensis
963 2137 1160 2224 episcopus,
1178 2149 1296 2206 contra
1313 2141 1489 2210 annitente

257 2259 304 2324 Ρ.
322 2256 457 2343 Ignatio
473 2278 513 2324 ac
530 2259 570 2322 P.
586 2253 739 2323 Canisio.
754 2253 907 2320 Tandem
920 2273 1104 2338 persuasus
1115 2276 1175 2323 rex
1187 2255 1329 2322 destitit.
1344 2258 1488 2325 Inchoa-

257 2382 335 2440 tum
347 2371 530 2458 collegium
543 2389 734 2457 genuense:
749 2379 887 2456 apertae
898 2369 1037 2436 scholae
1048 2368 1237 2436 litterarum
1250 2371 1489 2440 humaniorum
1583 2429 1584 2438 ,

256 2509 302 2556 ac
314 2486 564 2574 grammatices.
579 2489 756 2572 Inceptum
769 2483 952 2571 collegium
964 2485 1189 2553 lauretanum:
1204 2497 1341 2572 apertae
1353 2489 1492 2558 scholae

256 2604 436 2670 literarum
445 2603 700 2684 humaniorum,
711 2623 853 2670 casuum
864 2599 1093 2668 conscientiae
1100 2622 1140 2667 ac
1153 2602 1292 2688 logices.
1303 2607 1490 2672 Decretum

257 2719 436 2787 facultatis
452 2717 646 2805 theologiae
661 2716 857 2804 parisiensis
872 2727 991 2783 contra
1005 2716 1211 2786 Societatem
1226 2719 1335 2805 prima
1347 2719 1403 2788 die
1417 2722 1489 2787 De-

258 2833 421 2903 cembris.
439 2831 619 2920 Designati
637 2835 678 2900 P.
703 2834 873 2901 lohannes
893 2831 1029 2899 Nunius
1050 2831 1120 2920 (qui
1141 2832 1253 2902 fuerat
1269 2855 1395 2920 magno
1411 2856 1490 2902 cum

257 2952 378 3018 fluctu
389 2961 547 3019 versatus
558 2947 697 3016 Tituani
707 2947 742 3014 in
753 2947 895 3034 Africa),
908 2951 948 3014 P.
962 2948 1120 3026 caedue,
1133 2951 1174 3015 P.
1189 2949 1373 3016 Carnarius
1388 2951 1397 2985 ¹
1410 2971 1490 3018 cum

264 3087 308 3136 10
323 3065 397 3152 alijs
412 3076 451 3132 vt
465 3065 682 3132 mitterentur
697 3063 734 3131 in
749 3063 990 3150 Aethyopiam,
1009 3073 1044 3132 et
1066 3083 1085 3148 3
1101 3063 1148 3130 illi
1165 3065 1315 3152 episcopi
1331 3076 1413 3133 sunt
1428 3067 1491 3135 de·

259 3181 380 3250 stinati
396 3192 431 3250 et
448 3183 488 3248 Ρ.
507 3179 644 3249 Nunius
660 3179 863 3266 patriarcha.

330 3352 385 3418 37
822 3357 933 3429 [15]55

331 3533 539 3598 Inchoantur
566 3549 606 3597 ac
632 3527 856 3597 aedificantur
883 3527 1028 3615 collegia
1055 3529 1204 3597 Mursiae
1220 3539 1255 3598 et
1279 3531 1488 3602 Placentiae.

259 3647 478 3735 Aperiuntur
503 3645 642 3736 scholae
669 3629 876 3712 Placentiae.
910 3643 1102 3712 Instituitur
1128 3645 1251 3713 domus
1282 3647 1493 3733 probationis

261 3764 459 3834 Cordubae.
483 3761 539 3830 Fit
558 3763 599 3828 P.
623 3760 756 3829 Natalis
776 3759 947 3847 generalis
971 3759 1240 3845 commissarius,
1263 3764 1319 3832 vel
1343 3763 1493 3832 vicarius

259 3880 375 3949 totius
394 3878 587 3959 societatis,
610 3875 777 3963 suffragio
797 3895 842 3959 40
862 3877 1091 3958 sacerdotum,
1119 3888 1154 3944 et
1176 3879 1318 3946 fratrum
1339 3889 1491 3966 praeter-

259 4019 317 4077 ea,
335 3993 395 4082 qui
410 3997 539 4062 Romae
554 4003 663 4072 erant,
681 4003 716 4060 et
737 3992 833 4060 iussu
855 3995 896 4059 P.
921 3991 1062 4079 Ignatij3
1084 4003 1120 4060 et
1135 3995 1237 4080 paulo
1252 4005 1330 4082 post
1345 3995 1493 4063 mittitur

258 4133 344 4182 cum
359 4112 474 4198 legato
501 4107 665 4176 cardinali
687 4112 832 4178 Morono
855 4108 898 4176 ad
920 4117 1131 4176 conuentum
1152 4109 1360 4196 imperialem
1377 4111 1494 4180 socius

258 4233 303 4298 P.
318 4227 439 4313 Laynj:
454 4225 558 4308 vnde,
569 4245 688 4310 quum,
703 4223 819 4291 audita
831 4234 941 4293 morte
952 4223 1025 4310 lulij
1037 4223 1152 4291 statim
1164 4225 1252 4292 redit
1264 4225 1445 4294 cardinalis
1457 4237 1493 4296 et

259 4349 303 4414 P.
323 4345 471 4430 layneS,
493 4341 499 4430 Ι
518 4339 681 4428 Dilingae
695 4339 879 4427 collegium
892 4359 934 4405 ex
951 4339 1057 4426 legati
1073 4349 1108 4406 et
1126 4339 1311 4428 augustani
1329 4342 1493 4412 facultate

255 4457 426 4528 visitauit.
448 4457 583 4526 Deinde
604 4477 648 4526 ex
668 4454 781 4524 officio
800 4454 954 4523 visitau'it
979 4454 1161 4543 collegium
1186 4479 1367 4546 pragense.
1399 4458 1494 4527 Misit

262 4631 478 4644 —.--—

321 4715 332 4750 ’
368 4715 436 4786 lis,
449 4695 622 4770 Cornelius.
