3634 5396
395 503 451 559 662
856 495 963 559 Epist.
985 502 1022 558 P.
1046 499 1160 557 Nnnlu.

465 652 593 739 Accepi
618 655 626 688 ¹
654 653 768 722 literas
794 655 835 720 R.
866 657 906 720 P.
925 656 968 722 V.
999 675 1022 720 x
1050 648 1254 720 Nouembris
1280 651 1388 730 datas,
1406 647 1532 735 quibus
1558 671 1626 734 per

398 742 502 809 alium
519 742 744 822 tabellarium,
766 745 841 810 Deo
862 743 950 811 bene
969 743 1126 823 iuuante,
1144 738 1372 827 respondebo,
1395 737 1493 804 cuius
1515 758 1625 824 opera

398 853 467 898 non
484 831 596 898 minus
613 833 755 900 fortasse
771 831 925 899 celeriter
940 835 1004 899 hec
1020 852 1122 915 quam
1139 829 1194 896 ille
1210 829 1433 915 perferentur.
1553 816 1571 850 ⁶

465 923 506 987 P.
526 921 569 987 V.
589 919 907 1000 fraterinChristo,
956 977 961 992 .
1463 923 1470 934 '

693 1009 932 1088 SrnmsLAUS,
957 1027 1173 1076 onnolunms
1196 1007 1435 1073 Vnnursusls.

465 1099 648 1182 Inscriptio
664 1098 702 1161 in
718 1103 843 1183 quarto
854 1099 1003 1184 pagina:
1019 1097 1104 1163 Rdo.
1121 1093 1226 1176 Patri,
1240 1092 1513 1181 dominoJacobo
1527 1092 1624 1177 Lay-

397 1207 470 1268 nes,
499 1205 616 1252 sacrae
644 1184 836 1272 theologiae
863 1185 1010 1266 doctori,
1040 1183 1190 1271 generali
1216 1182 1406 1269 praeposito
1436 1180 1628 1249 Societatis

391 1275 488 1362 Jesu‚
507 1273 543 1340 in
558 1273 695 1342 Christo
710 1274 908 1342 charissimo
923 1285 958 1341 et
973 1274 1182 1341 honorando.
1198 1273 1278 1338 Alia
1294 1293 1415 1337 mama:
1436 1271 1529 1354 1565.
1545 1271 1625 1337 He·

397 1363 535 1449 lisperg.
555 1363 657 1431 Card.
676 1363 879 1432 varmiense.
903 1365 936 1430 X
952 1363 986 1430 di
998 1364 1137 1451 Jenar0.
1160 1361 1280 1448 Sigilli
1293 1361 1487 1448 vestigium.

950 1589 1060 1654 XLVI

759 1726 910 1786 'OTTO
938 1726 1236 1784 TRUCHSESS

823 1843 976 1899 cardinalis
990 1852 1170 1914 augustanus
1218 1924 1221 1930 Ι

761 1969 867 2027 mim
892 1981 1028 2041 Jncoso
1051 1979 1182 2028 curruz
1205 1961 1253 2046 (l).

696 2092 872 2178 Dilingae,
909 2095 951 2160 26
974 2093 1127 2182 Januarii
1164 2093 1245 2177 1565
1279 2094 1307 2158 ³.

643 2224 689 2278 De
702 2226 835 2295 quadam
845 2226 979 2298 procella
992 2227 1025 2280 in
1039 2226 1214 2282 Societatem
1227 2227 1367 2281 excitata.

464 2341 569 2407 Mollo
583 2341 668 2407 Rdo.
684 2340 719 2405 in
732 2343 821 2426 Xpo.
837 2343 984 2420 fratello,
996 2344 1045 2409 La
1056 2343 1176 2410 lettera
1188 2342 1222 2408 di
1236 2343 1277 2408 V.
1299 2344 1337 2408 Ρ.
1354 2345 1394 2409 R.
1414 2342 1459 2408 mi
1475 2345 1519 2408 ha
1532 2365 1618 2428 por-

398 2441 471 2495 tato
488 2429 591 2495 molta
602 2429 844 2509 consolatione,
863 2432 951 2498 nella
968 2433 1066 2515 quale
1091 2431 1113 2495 l'
1131 2433 1151 2497 e
1167 2430 1314 2516 piaciuto
1334 2429 1441 2497 darmi
1461 2443 1567 2498 conto
1583 2432 1621 2498 di

396 2529 526 2603 quanto
541 2520 676 2586 haueua
692 2518 802 2586 inleso
817 2519 872 2586 dal
887 2521 996 2588 Padre
1012 2521 1079 2586 don
1093 2519 1194 2606 Luigi
1211 2521 1270 2608 ⁵‚et
1281 2521 1324 2586 da
1336 2520 1369 2585 la
1381 2521 1501 2588 lettera
1514 2519 1622 2585 scrit-

397 2608 463 2674 tale
479 2608 522 2673 da
538 2629 607 2674 me.
632 2610 688 2674 Ma
704 2607 799 2694 sappi
816 2619 909 2675 certo
925 2611 1001 2690 che,
1019 2629 1056 2677 se
1073 2611 1150 2677 ben'
1173 2609 1206 2674 io
1222 2628 1367 2674 conosca
1386 2610 1419 2674 le
1440 2609 1531 2676 forze
1548 2608 1621 2676 mie

396 2699 501 2762 esser’
518 2695 620 2762 debili
649 2696 790 2781 rispetto
806 2697 838 2762 al
854 2697 966 2763 animo
981 2699 1046 2765 che
1068 2697 1165 2784 piace
1191 2698 1223 2764 al
1250 2697 1378 2783 Signor
1399 2695 1464 2764 Dio
1480 2697 1513 2762 di
1530 2719 1619 2783 por-

394 2783 515 2870 germi,
533 2805 632 2870 spero
649 2785 855 2851 nondimeno
870 2789 983 2851 ancor’
1007 2788 1060 2853 col
1088 2797 1200 2871 tempo
1220 2789 1284 2853 che
1311 2787 1347 2854 S.
1368 2788 1415 2852 M.
1434 2785 1553 2851 diuina
1569 2786 1618 2852 mi

393 2874 474 2939 dari
486 2884 582 2960 poter
597 2874 641 2938 da
658 2875 719 2938 sar'
734 2893 800 2939 con
815 2873 887 2954 uiui
903 2875 1010 2942 effetti
1026 2894 1208 2942 conoscere
1224 2876 1255 2940 la
1271 2873 1449 2961 ingenuili
1468 2875 1523 2942 del
1540 2875 1619 2941 ani-

394 2984 450 3028 mo
467 2961 546 3042 mio,
565 2983 662 3030 come
678 2962 846 3042 desidero,
861 2963 1157 3048 particularmente
1172 2985 1269 3030 uerso
1281 2964 1313 3029 la
1325 2985 1387 3030 sua
1399 2972 1497 3028 santa
1508 2964 1618 3029 Com-

395 3049 520 3137 pagnia
535 3053 591 3119 del
602 3053 697 3139 Jesit,
715 3073 776 3136 per
792 3051 931 3118 seruitio
947 3063 982 3118 et
997 3063 1208 3137 augumento
1223 3052 1311 3118 della
1327 3052 1426 3136 quale
1442 3049 1476 3116 in
1493 3064 1621 3134 queste

395 3139 480 3225 parti
497 3149 531 3206 et
546 3139 581 3204 in
597 3143 678 3225 ogn'
698 3140 783 3205 altro
794 3142 881 3220 loca,
896 3141 987 3206 doue
1000 3140 1044 3204 mi
1057 3140 1084 3206 si
1100 3144 1245 3225 porgere
1260 3139 1463 3207 l'occasione
1479 3137 1513 3205 di
1530 3141 1614 3206 affa-

395 3227 538 3308 ticarmi,
555 3229 589 3292 1ο
607 3229 678 3293 faro
695 3240 789 3296 tanto
805 3239 1052 3313 prontamente,
1072 3240 1200 3312 quanto
1215 3233 1296 3315 ogn’
1311 3229 1395 3294 altra
1410 3249 1489 3296 cosa
1505 3230 1573 3296 che
1584 3229 1622 3296 io

393 3315 497 3382 habbi
514 3315 579 3381 mai
595 3317 797 3399 desiderata,
816 3339 884 3382 non
900 3319 1049 3403 sapendo
1065 3319 1148 3403 peri)
1163 3319 1197 3382 d'
1215 3320 1332 3386 hauer'
1346 3320 1475 3383 hauuto
1491 3315 1526 3382 in
1540 3317 1620 3382 ani-

394 3426 450 3470 mo
466 3404 633 3472 desiderio
649 3408 713 3473 che
729 3407 787 3492 piu
804 3405 851 3470 mi
866 3428 983 3491 prema
998 3406 1031 3471 di
1049 3419 1181 3491 questu.

461 3495 601 3578 Quanto
613 3493 678 3559 alla
691 3493 926 3578 persecutione
937 3498 1078 3576 hauuta,
1088 3497 1107 3561 ἐ
1119 3506 1207 3561 stato
1218 3495 1322 3561 molto
1334 3517 1354 3562 a
1366 3493 1538 3579 proposito
1552 3497 1622 3561 che

394 3581 422 3647 si
439 3581 541 3648 habbi
558 3603 655 3667 presa
673 3584 876 3672 resolutione
891 3583 924 3648 di
947 3587 1119 3669 procurar'
1137 3583 1160 3649 li
1182 3583 1278 3651 breui
1293 3585 1356 3649 che
1371 3581 1399 3649 si
1415 3603 1500 3648 sono
1517 3603 1621 3648 man-

394 3669 464 3736 dati
480 3691 559 3756 qua,
578 3693 638 3756 per
653 3672 748 3739 leuar
769 3672 826 3738 uia
847 3673 927 3756 quel
948 3674 1016 3738 mal
1037 3674 1141 3738 odore
1157 3674 1221 3739 che
1241 3671 1297 3758 giu
1320 3671 1348 3738 si
1368 3670 1583 3738 cominciaua
1600 3694 1623 3738 a

394 3779 567 3844 spargere.
587 3762 644 3826 Ma
665 3762 721 3828 nel
747 3771 850 3843 resto,
870 3761 1048 3828 uolendoci
1067 3760 1124 3826 noi
1146 3761 1327 3826 confortar'
1352 3759 1565 3830 sauiamente
1582 3759 1621 3828 in

394 3846 544 3928 Christ0,
567 3869 663 3915 come
683 3848 711 3914 si
732 3851 776 3914 ha
796 3850 839 3915 da
868 3850 948 3929 fare,
977 3851 1122 3917 deuemo
1150 3871 1251 3917 senza
1278 3848 1469 3918 hesitation'
1492 3849 1623 3916 alcuna

394 3936 533 4002 credere
561 3939 625 4003 che
651 3937 716 4003 alla
743 3937 956 4024 Compagnia
972 3961 1015 4006 ne
1042 3939 1207 4005 resulterlt
1222 3935 1329 4024 gloria
1348 3949 1383 4004 et
1398 3940 1540 4016 honore,
1560 3959 1622 4004 sa-

394 4024 507 4109 pendo
523 4027 587 4092 che
601 4035 718 4092 nostro
739 4026 857 4112 signor
880 4029 963 4114 Jesir
980 4049 1103 4093 ancora
1131 4027 1199 4112 pati
1223 4026 1472 4113 persecutione,
1496 4038 1531 4094 et
1552 4030 1623 4096 che

393 4111 463 4197 egli
479 4111 509 4177 ci
538 4114 582 4178 ha
610 4112 790 4200 insegnato
805 4125 839 4182 et
859 4115 1046 4182 dichiarato
1062 4130 1121 4202 per
1141 4115 1232 4184 beati
1252 4114 1355 4200 quelli
1375 4117 1439 4182 che
1455 4115 1489 4180 in
1506 4115 1625 4200 gratia

393 4223 456 4266 sua
472 4203 586 4266 hanno
603 4201 638 4267 ln
654 4214 774 4286 questo
790 4204 915 4270 mondo
931 4206 1018 4271 delle
1030 4203 1270 4291 persecutioni.
1285 4204 1432 4273 Perdoni
1447 4205 1482 4273 S.
1500 4205 1549 4271 M.
1565 4205 1625 4270 di-

395 4288 476 4354 uina
493 4311 512 4355 a
528 4289 583 4355 chi
604 4291 714 4382 hebbe
742 4291 854 4359 animo
875 4293 909 4358 di
929 4297 1063 4379 pensar'
1082 4294 1152 4360 cosi
1169 4292 1271 4380 impia
1287 4294 1522 4373 sceleratezza,
1546 4305 1584 4362 et
1601 4316 1626 4360 a

447 4521 454 4551 ¹
496 4519 544 4572 Ab
557 4520 613 4574 hoc
627 4521 717 4574 verbo
730 4519 767 4575 ad
777 4521 1022 4594 subscriptionem
1033 4541 1136 4597 usque,
1147 4524 1301 4580 cardinalis
1312 4539 1398 4578 manu
1408 4532 1527 4578 exarata
1538 4533 1624 4582 sunt.

444 4593 456 4622 ¹
495 4591 538 4642 Ex
552 4591 722 4674 archetypo,
736 4592 765 4646 iu
781 4591 855 4647 Cod.
876 4593 923 4664 38,
938 4595 1023 4651 unico
1036 4595 1104 4666 fol,
1121 4595 1233 4664 1046).

443 4661 455 4692 ³
493 4659 530 4717 P.
548 4661 715 4717 Ludovrcus
728 4662 765 4718 de
778 4663 933 4720 Mendoza.
