3544 5390
680 482 847 540 Aersunur
1324 487 1377 556 569

132 637 274 703 tionem
291 634 463 715 vitiorum,
479 643 514 702 et
529 633 604 700 alia.
626 653 658 700 2.
677 635 755 700 Non
772 633 869 700 aliter
885 633 1050 701 inseruiui
1061 637 1267 722 pauperibus
1280 639 1376 704 infir-

133 725 208 792 mis
224 736 261 790 et
278 723 420 809 leprosis
441 745 542 807 quam
560 722 741 801 visitando,
762 723 968 790 familiariter
983 726 1219 810 colloquend0,
1239 738 1274 794 et
1291 748 1375 792 con-

133 814 317 881 cionando
333 813 369 877 in
384 833 502 878 eorum
519 811 714 878 domesticis
730 813 1066 898 congregationibus
1085 816 1293 882 consolando
1315 837 1378 882 eos
1453 807 1455 816 ¹

136 905 176 970 in
189 901 351 986 miserijs.
364 922 394 984 3.
407 899 651 986 peregrinatus
663 922 739 966 sum
751 899 785 964 in
799 913 1037 986 paupertate...
1051 922 1084 984 4.
1096 903 1159 969 Fui
1171 905 1378 988 sacristanus

137 996 279 1058 Romae
295 990 330 1055 in
346 991 447 1055 domo
463 1001 497 1056 et
514 990 548 1054 in
569 989 716 1073 collegio
737 991 844 1055 multo
865 1003 1026 1076 tempore;
1050 991 1155 1076 pistor
1175 993 1375 1058 hostiarum.

102 1111 105 1119 ·
137 1084 241 1149 Idem
259 1080 409 1146 officium
425 1089 460 1144 et
476 1077 511 1142 in
531 1077 606 1162 alijs
627 1077 778 1162 collegiis
798 1077 1005 1147 Germaniae
1025 1081 1145 1161 habui3
1168 1080 1248 1148 item
1267 1083 1377 1146 famu-

138 1173 200 1235 lus
226 1189 315 1249 coci,
338 1188 442 1233 cocus
464 1167 575 1232 Patris
595 1165 740 1250 Canisij,
762 1167 820 1250 qui
842 1166 942 1232 nimis
960 1170 1083 1234 bonus:
1107 1170 1380 1255 conquerebatur

137 1259 239 1326 enim
258 1258 349 1340 quod
367 1257 495 1322 fercula
512 1265 627 1320 essent
643 1255 743 1320 nimis
759 1255 851 1320 lauta
867 1267 901 1322 et
917 1256 1073 1323 delicata:
1093 1257 1174 1324 item
1196 1260 1377 1325 credensa-

137 1347 230 1426 rius,
250 1345 452 1412 distributor
468 1364 675 1429 pannorum,
693 1353 809 1410 custos
831 1355 964 1428 portae,
987 1347 1180 1431 praefectus
1196 1346 1378 1412 exercitio.

137 1459 236 1514 rum,
261 1434 414 1499 minister
435 1432 722 1518 ingolstadiensis.
754 1448 787 1514 5.
816 1433 927 1500 Docui
948 1433 1136 1499 doctrinam
1158 1435 1377 1501 christianam

137 1527 238 1610 apud
256 1545 381 1609 pueros
398 1521 607 1608 lngolstadij,
624 1523 816 1606 Augustae,
832 1523 1015 1606 Monachij,
1031 1524 1244 1608 Moguntiae.
1262 1527 1294 1590 6.
1311 1527 1378 1592 Le-

139 1627 223 1680 ctor
240 1611 491 1698 grammatices,
518 1609 643 1676 Donati
664 1620 698 1675 et
718 1609 859 1675 aliorum
882 1611 999 1675 talium
1020 1623 1209 1678 auctorum.
1230 1613 1378 1680 Concio-

140 1715 253 1768 natus
270 1721 345 1766 sum
362 1699 396 1764 in
413 1698 558 1764 diuersis
573 1697 782 1776 ciuitatibus,
801 1719 869 1764 non
886 1710 998 1766 tamen
1014 1700 1193 1780 ordinarie,
1212 1703 1272 1769 sed
1286 1717 1388 1767 eram·

142 1790 366 1857 necessarius
384 1809 471 1853 unus
486 1786 677 1866 auxiliator,
695 1798 731 1852 et
745 1788 861 1854 deerat
884 1787 982 1854 alius.
1004 1790 1108 1874 Apud
1132 1789 1277 1856 rusticos
1297 1812 1380 1858 vero

143 1901 289 1964 semper
304 1875 400 1963 quasi
417 1888 530 1961 pastor
551 1874 698 1941 habitus,
723 1877 904 1943 Praeterea
925 1877 974 1942 fui
995 1878 1221 1943 confessarius
1241 1879 1361 1944 ordina

143 1970 223 2035 rius
239 1966 392 2048 omnium
409 1985 644 2050 personarum,
664 1963 843 2049 praecipue
859 1986 1054 2048 puerorum,
1073 1966 1244 2052 virginum
1261 1979 1296 2034 et
1309 1989 1379 2032 ma·

143 2071 347 2134 tronarum,
371 2053 518 2119 virorum
546 2053 697 2137 plerique
719 2063 792 2118 erat
814 2054 968 2120 defectus
995 2051 1078 2142 [sici
1113 2072 1163 2136 17.
1194 2056 1258 2121 Fui
1278 2077 1380 2141 porro

143 2145 361 2214 exercitatus
378 2143 573 2227 frequenter
588 2141 623 2205 in
640 2140 831 2221 scribend0;
850 2144 911 2208 sed
927 2145 990 2210 hec
1006 2163 1061 2208 ars
1078 2164 1145 2210 non
1158 2145 1246 2212 bene
1261 2147 1374 2210 admo-

143 2238 233 2300 dum
252 2231 428 2300 successit.
453 2233 503 2297 18.
523 2232 644 2296 Habeo
660 2229 852 2295 communia
869 2229 925 2295 illa
943 2243 1021 2296 uota
1039 2231 1143 2314 (iuxta
1160 2231 1380 2318 Societatem)

144 2327 309 2390 fratrum.
334 2341 383 2406 19.
409 2323 520 2397 Bona,
544 2339 632 2404 quae
652 2317 773 2396 habui,
797 2321 933 2402 quando
953 2319 989 2384 in
1009 2319 1213 2388 Societatem
1234 2343 1308 2388 sum
1326 2323 1379 2388 in-

144 2433 294 2498 gressus
311 2408 449 2477 uendidi
464 2407 621 2493 cognatis
637 2429 698 2491 pro
715 2406 880 2472 uilissimo
896 2408 1021 2491 preci0,
1040 2429 1081 2475 eo
1097 2411 1188 2492 quod
1201 2431 1269 2476 non
1282 2425 1377 2496 pote·

146 2523 224 2568 ram
242 2500 340 2567 aliter
356 2497 563 2574 satisfacere,
582 2507 719 2580 propter
735 2497 924 2563 haereticos
941 2496 1023 2561 mihi
1039 2497 1258 2565 adversantes
1275 2511 1309 2566 et
1326 2521 1382 2564 me

146 2588 380 2674 impedientes
401 2583 668 2670 suppellectilem
689 2583 845 2650 distribui
870 2585 994 2650 nostris
1019 2586 1190 2671 collegiis:
1213 2587 1380 2672 reliquum

147 2677 278 2746 tradidi
296 2679 380 2744 Rev,
401 2673 494 2741 Patri
514 2672 723 2759 provinciali:
747 2672 829 2757 quid
852 2685 887 2740 et
906 2685 1084 2756 quantum,
1107 2675 1180 2760 ipse
1197 2675 1294 2741 nouit
1309 2699 1381 2743 me-

146 2767 232 2833 lius.
254 2784 308 2831 20.
328 2763 533 2831 Valetudine
557 2761 639 2828 satis
660 2763 766 2840 bona,
792 2763 866 2827 laus
888 2763 1042 2843 Christ0,
1064 2785 1148 2830 usus
1168 2787 1243 2831 sum
1264 2768 1382 2833 hacte-

148 2877 233 2922 nus.
253 2852 320 2944 [Ill,
339 2875 394 2940 99,
418 2853 488 2936 100]

228 2963 257 3010 1.
308 2945 363 3009 Me
380 2943 480 3006 llamo
490 2939 617 3027 Josepfr
632 2939 672 3003 de
692 2940 826 3003 Acosln.
851 2956 882 3003 2.
907 2940 986 3022 Que
1006 2961 1068 3024 soy
1088 2941 1131 3008 de
1151 2951 1277 3025 veynte
1297 2965 1319 3026 y
1336 2965 1382 3008 vn

150 3043 245 3100 anos
261 3053 283 3116 y
300 3053 346 3096 un
363 3052 446 3095 mes.
472 3049 503 3113 3.
527 3030 606 3113 Que
626 3048 687 3111 soy
707 3027 751 3093 de
771 3027 804 3091 la
823 3027 999 3110 prouincia
1019 3030 1062 3094 de
1078 3029 1230 3112 Castilla,
1249 3033 1384 3098 natural

149 3126 199 3190 de
213 3119 350 3188 Medina
366 3120 420 3184 del
437 3119 607 3202 Campe...
631 3135 681 3196 14.
701 3113 897 3182 Recibidme
913 3117 945 3183 el
962 3117 1002 3182 Ρ.
1021 3119 1112 3204 Juan
1135 3120 1242 3184 Paulo
1259 3141 1302 3185 en
1319 3121 1384 3186 Sa-

149 3215 322 3286 lamanca,
337 3208 455 3275 siendo
468 3206 673 3272 vice-rector
686 3226 728 3270 en
742 3204 841 3288 lugar
853 3205 907 3270 del
921 3208 960 3271 P.
976 3207 1036 3272 Dr.
1053 3208 1218 3274 Torres..
1239 3209 1289 3275 16.
1306 3210 1385 3292 Que

149 3304 200 3366 ha
216 3321 284 3383 que
300 3300 397 3362 entre
412 3318 455 3362 en
472 3297 504 3362 la
520 3295 708 3378 Campania
719 3313 833 3359 nueue
849 3303 933 3358 anos
950 3315 971 3376 y
987 3294 1050 3360 dos
1066 3317 1217 3362 meses...
1238 3298 1288 3363 18.
1305 3300 1385 3381 Que

150 3413 200 3456 en
222 3388 424 3455 Salamanca
447 3385 522 3450 hize
543 3384 594 3449 los
615 3380 799 3464 exercicios
824 3393 892 3446 tres
913 3403 1081 3463 semanas,
1104 3406 1242 3467 aunque
1263 3407 1307 3450 no
1329 3409 1385 3454 me

151 3481 314 3546 dexauan
327 3484 418 3540 estar
430 3474 511 3537 todo
527 3473 558 3537 el
571 3472 627 3536 dia
639 3471 835 3551 encerrado,
850 3491 912 3554 por
923 3493 978 3536 ser
991 3471 1083 3537 ηἰῆο.
1098 3475 1255 3559 Despues
1267 3481 1326 3540 aea
1340 3497 1387 3540 no

153 3569 208 3632 les
225 3568 268 3630 he
286 3566 397 3630 hecho
419 3572 492 3628 otra
512 3581 614 3626 vez...
640 3576 693 3624 22.
718 3560 796 3643 Que
818 3581 886 3623 aun
908 3559 1031 3642 primer
1048 3571 1187 3626 tonsura
1203 3585 1248 3628 no
1265 3575 1383 3648 lengo.

156 3675 214 3739 23.
234 3655 315 3738 Que
331 3655 375 3718 he
391 3652 508 3718 estado
521 3648 781 3734 primeramente
798 3671 840 3715 en
863 3649 1061 3714 Salamanca
1081 3672 1126 3714 vn
1147 3671 1231 3730 mes3
1250 3673 1293 3718 en
1311 3656 1386 3719 Me-

154 3747 240 3811 dina
254 3742 354 3824 cirico
370 3749 465 3820 anos,
484 3761 527 3805 en
545 3736 721 3804 Plasencia
739 3759 784 3801 un
800 3757 883 3814 meS,
903 3758 946 3801 en
968 3739 1144 3822 Portugal,
1163 3739 1292 3806 scilicet
1308 3741 1386 3807 Lis-

155 3837 238 3910 boa,
258 3841 380 3914 quatro
393 3849 514 3906 meses,
533 3849 575 3892 en
589 3826 759 3910 Coymbra
780 3823 890 3904 cinc0,
909 3846 952 3890 en
974 3827 1164 3892 Valladolid
1182 3849 1228 3892 un
1245 3838 1322 3906 anu,
1342 3852 1385 3894 en

157 3920 313 4006 Segouia
334 3917 416 3984 siete
438 3937 560 3996 meseS,
585 3937 627 3982 en
648 3915 768 3980 Alcala
788 3915 850 3978 dos
871 3923 966 3978 anos.
992 3917 1088 3980 Todo
1110 3927 1183 3981 este
1200 3915 1326 4002 tiempo
1342 3921 1387 3983 he

156 4009 315 4094 ocupado
332 4029 374 4074 en
390 4008 460 4072 leer
476 4003 662 4090 gramatice
678 4003 817 4085 doyrla,
837 4003 930 4067 salvo
947 4013 1037 4068 estos
1054 4005 1115 4071 dos
1132 4015 1215 4070 afros
1235 4027 1278 4071 en
1296 4017 1387 4071 artes

154 4123 178 4184 y
195 4110 290 4165 otros
307 4095 450 4180 tiempos
467 4115 533 4178 que
546 4094 664 4160 estado
680 4093 780 4168 ma10,
799 4102 894 4156 etc...
915 4089 1018 4181 [Sola]
1037 4094 1138 4159 Artes
1151 4097 1194 4160 he
1208 4095 1388 4160 estudiado

156 4198 225 4254 arlo
245 4209 268 4271 y
289 4185 400 4250 medio
420 4188 559 4268 ¹aqui-en
584 4182 712 4258 Alcala,
736 4180 797 4244 dos
818 4200 929 4246 meses
950 4201 993 4245 en
1015 4181 1196 4266 Coymbra.
1217 4183 1383 4269 [111‚804,

157 4279 201 4342 80
229 4277 323 4354 ,824

204 4293 256 4431 51.
300 4275 423 4450 Jiseplz
440 4361 480 4424 de
493 4361 612 4444 Ayola.
634 4377 664 4422 2.
682 4375 722 4438 27
740 4366 835 4422 anos,
856 4377 886 4439 3.
906 4359 959 4422 De
977 4357 1119 4436 lladrid,
1139 4381 1244 4441 reyno
1256 4361 1298 4423 de
1315 4363 1386 4425 To-

156 4457 247 4523 ledo.
269 4471 319 4532 14.
339 4453 413 4534 Fuy
437 4448 586 4515 recibido
610 4469 670 4531 por
685 4448 717 4510 el
735 4448 774 4511 P.
801 4445 982 4511 Francisco
998 4447 1040 4511 de
1057 4449 1167 4512 Borxa
1189 4471 1231 4514 en
1252 4449 1386 4515 Siman-

157 4568 258 4612 cas...
284 4542 334 4607 16.
366 4541 418 4606 Va
434 4559 514 4622 para
538 4545 659 4617 7a1'ios
676 4557 743 4619 que
760 4539 854 4600 entre
876 4555 918 4600 en
940 4535 971 4599 la
992 4535 1218 4620 Companla...
1244 4556 1297 4604 22.
1318 4540 1388 4624 Soy

159 4632 351 4700 sacerdote.
371 4645 424 4711 23.
443 4629 496 4694 De
513 4625 643 4692 asiento
659 4646 739 4709 para
756 4645 866 4688 morar
883 4626 926 4691 he
943 4625 1061 4689 estado
1077 4645 1120 4690 en
1142 4627 1328 4710 Symancas
1345 4651 1388 4694 en
