3666 5384
371 435 425 478 xvr
712 419 903 474 Pnoouurmr
921 429 1062 474 succum
1081 393 1253 475 vocuirmrs

372 586 441 643 tem
457 576 490 642 in
510 574 686 642 Poloniam
703 570 837 660 ingredi
857 581 996 657 exoptat
1012 570 1144 638 Natalis
1160 574 1215 660 (29
1225 573 1327 660 ,Jul.).
1352 574 1493 641 Petrum
1511 574 1597 640 Per-

372 691 546 780 pinianum
567 711 646 756 cum
670 687 745 755 aliis
769 686 921 774 egregiis
944 685 1117 773 magistris
1136 686 1173 752 in
1193 686 1412 754 Germaniam
1433 685 1597 754 destinari

369 805 507 893 saepius
522 803 667 884 curavit;
685 803 777 888 quod
794 812 907 868 tamen
923 823 994 868 non
1011 823 1114 888 opere
1129 802 1289 888 compleri
1304 802 1423 868 valuit.
1442 803 1525 888 Ejus
1542 812 1595 868 ta-

371 943 448 988 men
465 921 540 988 loco
556 919 611 986 alii
627 917 745 987 selecti
761 917 825 982 viri
841 919 948 983 Roma
964 926 1056 983 etex
1074 915 1239 1003 Hispania
1251 916 1286 983 in
1298 917 1516 985 Germaniam
1533 939 1591 984 ve·

372 1047 497 1103 nerunt
513 1037 579 1123 (11,
602 1035 640 1102 18
658 1033 753 1118 Maj.,
773 1049 792 1115 7
809 1033 903 1117 Sept.
920 1033 1013 1116 etc).

438 1151 548 1219 Multa
563 1149 628 1216 alia
647 1148 821 1236 praeclare
841 1145 990 1214 aNatali
1009 1145 1044 1212 in
1065 1147 1250 1215 Germania
1270 1151 1334 1214 hac
1354 1147 1505 1216 secunda
1520 1149 1596 1234 ejus

371 1266 583 1353 inspectione
603 1276 702 1352 gesta
722 1272 815 1343 sunt,
833 1282 920 1347 quae
941 1261 1078 1346 quidem
1100 1284 1299 1330 enumerare
1318 1263 1462 1329 hicnon
1482 1251 1594 1344 vacat',
1671 1297 1672 1300 ¹

371 1403 530 1470 quaeque
542 1379 739 1466 singulatim
751 1379 788 1445 in
799 1377 912 1445 indice
922 1379 1129 1445 recensenda
1141 1377 1374 1465 relinquimus
1386 1379 1471 1445 Illud
1485 1388 1596 1446 tamen

373 1499 495 1565 mirum
513 1495 652 1563 cuilibet
666 1493 775 1560 videri
786 1492 904 1580 possit,
919 1514 996 1559 cum
1010 1503 1060 1560 tot
1073 1503 1210 1578 tamque
1221 1494 1360 1580 egregia
1374 1493 1524 1562 facinora
1536 1515 1597 1581 pro

371 1613 515 1682 ecclesia
543 1623 577 1680 et
604 1631 665 1697 pro
685 1593 858 1678 Societate
878 1629 898 1674 a
914 1608 1026 1675 Natali
1042 1618 1175 1694 patrata
1191 1609 1328 1689 fuerint,
1346 1613 1430 1676 haec
1447 1618 1597 1678 tamena

373 1728 565 1818 praecipuis
580 1747 692 1793 rerum
708 1725 913 1793 Germaniae
929 1723 1150 1810 scriptoribus
1172 1725 1226 1791 vel
1249 1724 1406 1812 ignorata
1427 1725 1481 1792 vel
1496 1746 1596 1812 prae-

373 1844 528 1914 termissa
543 1843 598 1909 vel
613 1839 753 1908 summis
770 1849 902 1906 tantum
914 1838 1017 1906 labris
1033 1849 1172 1926 gustata
1188 1839 1305 1908 luisse.

317 2002 322 2011 -
441 1962 485 2026 Et
500 1963 585 2027 haec
601 1955 737 2044 quidem
752 1955 796 2022 de
811 1954 962 2040 epistolis
977 1976 1143 2021 annorum
1164 1956 1246 2040 1562
1262 1966 1297 2022 et
1322 1957 1417 2041 1563,
1437 1959 1479 2024 ad
1495 1978 1592 2042 quae,

373 2075 600 2165 potiusquam
617 2072 660 2139 ad
671 2080 864 2155 sequentes,
879 2080 1034 2155 spectant
1046 2091 1174 2156 paucae
1185 2070 1319 2140 litterae
1331 2093 1421 2138 anno
1438 2073 1595 2156 1564113-

374 2202 441 2274 tae,
461 2199 579 2275 utpote
595 2208 683 2272 quae
699 2187 769 2252 lere
785 2207 904 2254 omnes
919 2185 954 2251 in
976 2187 1077 2253 rebus
1097 2187 1141 2252 ab
1161 2185 1235 2272 ipso
1251 2187 1361 2254 Nadal
1376 2210 1437 2274 per
1451 2189 1596 2256 Germa·
1656 2255 1657 2258 ,

373 2307 466 2372 niam
480 2303 588 2392 gestis
603 2312 794 2370 versantur.
814 2303 900 2368 Nam
913 2300 1055 2386 epistola
1070 2301 1213 2387 Lanoyi,
1233 2305 1360 2391 27Jan.
1376 2304 1467 2384 data,
1486 2315 1539 2371 est
1554 2304 1596 2369 de

373 2424 478 2490 rebus
493 2415 699 2488 Germaniae
711 2425 746 2485 et
757 2418 801 2485 de
812 2415 943 2484 ratione
955 2416 1008 2482 sui
1021 2415 1171 2483 muneris
1184 2417 1346 2483 obeundi.
1362 2418 1481 2484 Altera
1493 2441 1511 2484 a
1524 2419 1595 2485 Na-

373 2536 444 2618 tali,
462 2537 591 2603 Romae
615 2552 628 2601 1
652 2532 753 2601 Febr.
776 2531 914 2618 scripta,
937 2543 989 2598 est
1007 2533 1083 2598 fusa
1103 2544 1137 2599 et
1153 2544 1313 2599 accurata
1329 2532 1475 2599 narratio
1492 2532 1596 2600 totius

372 2648 598 2739 expeditionis
614 2669 673 2734 per
689 2647 835 2733 collegia
846 2647 1052 2733 germanica,
1068 2646 1125 2713 ubi
1137 2647 1225 2715 inter
1237 2646 1303 2715 alia
1314 2647 1489 2714 Canisium
1501 2669 1595 2714 sum-

373 2768 438 2834 mis
446 2764 605 2832 laudibus
614 2773 768 2845 exornat,
784 2761 993 2827 «columnam
1006 2773 1041 2829 et
1050 2764 1320 2828 sustentaculum
1330 2763 1592 2829 catholicorum»

371 2884 467 2950 illum
488 2899 701 2964 nuncupans.
725 2875 889 2961 Sequitur
909 2875 973 2942 alia
992 2876 1135 2962 epistola
1156 2877 1267 2944 Patris
1288 2879 1413 2961 Araoz,
1435 2899 1596 2965 prospera

372 2999 417 3063 de
433 2993 600 3081 Hispania
619 2991 781 3058 nuntians
805 3001 839 3058 et
859 2991 903 3058 de
926 2991 1123 3058 fundatione
1144 2992 1524 3079 collegiivallisoletani
1542 2994 1596 3080 (19

373 3112 500 3199 Febr).
522 3113 672 3199 Joannes
689 3104 803 3176 Seidel
824 3108 868 3173 de
888 3127 951 3172 sua
971 3129 1032 3192 per
1051 3118 1215 3175 montana
1236 3107 1437 3194 Hungariae
1455 3107 1596 3194 expedi-

373 3228 478 3306 tione,
497 3225 540 3291 de
555 3222 708 3290 moribus
724 3220 858 3288 illorum
875 3221 1089 3308 populorum,
1103 3222 1147 3290 de
1159 3221 1406 3290 haereticorum
1419 3223 1487 3289 illic
1499 3244 1597 3310 gras·

373 3341 523 3410 santium
538 3340 594 3404 lue
610 3337 695 3402 mira
710 3336 876 3420 quaedam
892 3346 1027 3402 enarrat
1043 3337 1096 3424 (27
1113 3337 1230 3424 Sept).

441 3458 545 3548 Anno
570 3454 669 3538 1565,
693 3440 836 3538 epistola
865 3454 904 3518 P.
936 3452 1143 3520 Balthasaris
1165 3453 1355 3520 Hostowini
1376 3455 1419 3522 ad
1440 3457 1596 3522 Natalem

375 3574 466 3652 data,
490 3589 657 3656 quaeque,
678 3569 720 3634 ad
740 3567 894 3635 eamdem
910 3566 1163 3648 illustrandam,
1187 3580 1259 3635 tum
1280 3569 1460 3636 cardinalis
1484 3569 1593 3652 Hosii,

374 3699 447 3755 tum
464 3684 575 3752 nuntii
592 3681 857 3751 Commendonis
873 3681 908 3747 in
924 3681 1110 3768 appendice
1133 3696 1320 3770 ponuntur,
1339 3686 1382 3750 ad
1402 3683 1595 3772 ingressum

338 3889 342 3898 Ι
373 3800 555 3874 Societatis
575 3800 610 3865 in
630 3819 777 3885 regnum
800 3797 979 3880 Poloniae,
1002 3797 1045 3864 de
1066 3819 1134 3884 quo
1155 3799 1373 3882 Snccrrmus,
1397 3801 1489 3867 Hist.
1514 3801 1597 3881 Soc„

375 3931 462 4007 part.
481 3916 600 4002 11,1ib.
621 3934 699 3994 v111,
718 3935 777 3980 nn.
801 3932 863 3995 114
879 3923 913 3981 et
935 3929 1008 3996 115,
1028 3924 1195 4000 spectant.

443 4035 486 4100 Et
501 4035 586 4101 haec
602 4031 645 4099 de
657 4027 808 4114 epistolis
825 4027 967 4112 aliisque
984 4029 1212 4096 monumentis
1228 4030 1397 4098 historicis
1417 4033 1520 4118 hujus
1536 4054 1599 4099 vo-

376 4148 514 4216 luminis
529 4146 620 4214 dicta
636 4143 819 4212 sufficiant.
