3526 5380
391 407 446 478 196
797 403 904 460 Errst.
927 403 961 458 P.
982 401 1184 472 Nemi—246

450 558 496 626 Al
519 560 557 624 P.
578 559 696 642 Lanoy
715 566 750 624 et
766 559 807 624 P.
832 555 1020 624 Domenieo
1044 557 1066 639 ¹,
1088 555 1167 624 delli
1190 554 1281 641 quali
1302 557 1450 625 hauemo
1464 555 1497 624 le
1512 555 1611 623 lette-

384 695 421 741 re
434 674 460 755 ’,
475 693 545 739 non
557 671 718 758 rispondo
730 673 855 759 perche
871 681 993 757 questo
1010 670 1076 738 fail
1090 673 1131 738 Ρ.
1151 673 1187 738 M
1192 673 1219 738 .⁰
1233 671 1394 752 Polanco,
1408 683 1443 738 et
1455 691 1523 737 non
1534 673 1611 737 sari

388 789 431 854 de
444 787 604 874 bisogno,
620 808 718 855 come
733 789 779 854 ho
801 789 895 854 detto
918 787 983 854 aila
1006 788 1047 853 R.
1074 787 1134 867 V.,
1151 787 1216 852 che
1238 807 1293 854 me
1308 784 1466 853 seriuano
1488 787 1531 854 de
1547 807 1608 852 ne-

387 893 476 981 gocij
501 895 544 963 de
560 893 618 979 qui
635 893 763 976 atlanti,
782 915 820 962 se
835 915 904 960 non
920 917 940 961 a
956 895 1000 960 N.
1020 896 1058 960 Ρ.
1075 903 1110 961 et
1125 893 1196 959 cosi
1208 891 1243 959 di
1259 913 1385 959 nuoue.
1406 891 1529 976 Quello
1545 894 1608 958 che

384 1010 413 1076 si
432 1012 476 1076 ha
495 1011 589 1077 detto
605 1010 685 1077 delli
708 1009 785 1076 libri
808 1012 873 1076 che
896 1009 925 1076 si
949 1008 1120 1088 sermono,
1135 1010 1179 1075 V.
1203 1010 1243 1076 R.
1270 1008 1305 1074 in
1321 1029 1432 1078 nesun
1453 1009 1553 1074 modo
1576 1007 1609 1074 lo

384 1125 577 1193 comunichi
589 1126 633 1192 ad
648 1126 783 1207 altono,
800 1127 927 1212 perchi
939 1126 1011 1191 cosi
1028 1124 1209 1192 conuiene.

953 1399 1050 1461 teto

795 1533 828 1589 Ρ.
848 1531 1029 1605 JOANNES
1049 1532 1209 1590 omsms

567 1659 754 1726 PATRI
793 1659 1167 1727 HIERONYMO
1207 1658 1416 1726 NADAL

626 1811 819 1864 omniomi,
840 1811 989 1856 extorre
1008 1813 1179 1857 arcemone
1197 1797 1232 1869 (Ρ)
1253 1801 1322 1868 1562
1340 1801 1362 1854 ³.

447 1924 492 1978 De
505 1941 595 1978 messe
607 1924 768 1996 spirituali
775 1924 866 1996 sestis
878 1924 1033 1979 natalitiis
1045 1925 1179 1980 collecta:
1192 1926 1228 1980 de
1241 1925 1315 1980 bono
1327 1929 1409 1980 statu
1422 1926 1555 1998 collegii.

455 2049 632 2132 Quasdam
648 2050 780 2116 litteras
791 2050 983 2135 paulopost
993 2052 1090 2137 festu
1105 2051 1265 2115 natalitia
1277 2073 1299 2115 o
1316 2051 1360 2116 P.
1371 2051 1507 2138 Joaune
1522 2053 1611 2117 Dir-

385 2166 436 2230 sio
451 2166 475 2244 ⁴,
491 2171 619 2236 recurre
634 2166 769 2252 collegii
784 2167 1018 2250 oeuipontani,
1034 2165 1081 2229 ad
1098 2167 1258 2230 Natalem
1279 2167 1378 2232 detes
1391 2167 1511 2255 fuisse
1534 2189 1612 2234 con-

385 2286 452 2346 stat
468 2302 510 2344 ex
529 2281 759 2366 sequentibus,
781 2301 867 2366 qtroe
889 2282 1063 2347 Polaueus
1082 2301 1126 2345 ex
1146 2282 1380 2347 commissione
1395 2283 1440 2346 ad
1460 2284 1611 2349 eumdem

388 2397 432 2461 P.
447 2397 620 2476 Dirsium,
637 2396 1134 2483 5Jouuart't1563scribebat:
1157 2397 1253 2461 «Hoc
1274 2397 1483 2463 hebdomada
1500 2400 1612 2464 trullas

386 2514 511 2596 accepit
527 2512 658 2578 litteras
674 2513 759 2577 Rru
783 2513 858 2578 V.‹¹e
875 2514 985 2577 Pater
999 2517 1114 2578 noster
1121 2514 1347 2598 praepositus,
1360 2514 1435 2578 lieet
1446 2515 1611 2600 qrrastlem

386 2605 551 2712 acceperit
571 2629 616 2692 P.
641 2628 820 2693 Natalis...
847 2628 981 2692 Laetoti
1004 2649 1124 2693 sumus
1146 2629 1185 2693 in
1208 2629 1358 2693 Domino
1377 2629 1417 2694 de
1437 2631 1612 2715 spirituali

387 2762 504 2821 messe,
527 2764 630 2827 quom
658 2743 713 2806 lris
730 2743 836 2830 festis
859 2743 1027 2808 natalitiis
1050 2743 1281 2828 confitentium
1303 2749 1335 2808 et
1361 2747 1612 2810 communicau-

388 2859 475 2921 tium
496 2858 719 2944 collegistis...
746 2858 834 2944 quod
856 2864 964 2924 status
988 2860 1133 2924 interior
1156 2859 1289 2946 collegii
1308 2862 1419 2924 nostri
1438 2861 1611 2948 foeliciter

382 2973 580 3058 procedat...
595 2979 805 3060 pergratum
817 2975 895 3061 fuit
909 2975 1006 3040 nobis
1022 2975 1279 3061 intelligere...»

445 3233 451 3263 ¹
491 3231 659 3302 Menginus.
678 3231 755 3286 Vide
768 3232 923 3304 epistolam
937 3231 1001 3302 ejus
1016 3231 1053 3286 ad
1067 3233 1201 3287 Natalem
1216 3234 1314 3291 subn.
1329 3247 1391 3302 240.

442 3325 453 3352 ·-·
491 3319 636 3375 Polancus
660 3337 696 3375 ex
720 3321 938 3391 commissione,
956 3321 972 3375 8
990 3321 1122 3393 Januarii
1142 3320 1220 3393 1563,
1238 3323 1310 3376 haec
1328 3323 1438 3378 Lanoio
1460 3323 1613 3380 transfere·

391 3409 450 3462 bat:
472 3427 521 3462 o...
536 3415 638 3480 questa
658 3410 722 3464 sari
741 3426 792 3481 per
810 3409 882 3465 iarla
900 3410 1048 3481 [risposta]
1065 3409 1101 3463 ad
1120 3427 1176 3464 una
1194 3409 1300 3465 suade
1320 3409 1352 3465 13
1368 3410 1416 3467 del
1434 3422 1551 3485 passato
1568 3415 1614 3486 pel

389 3497 423 3551 P.
438 3496 511 3552 Mro.
526 3498 630 3568 Nadal,
645 3498 664 3553 il
678 3500 764 3570 quale
777 3499 807 3554 in
822 3507 903 3554 tanto
912 3501 967 3554 che
978 3499 1054 3553 stari
1065 3497 1095 3552 in
1104 3499 1225 3568 Trento,
1236 3499 1371 3572 reputari
1384 3519 1437 3557 sue
1450 3503 1547 3575 quelle
1561 3505 1615 3558 che

390 3584 415 3640 si
429 3586 616 3641 scriueranno
630 3603 646 3642 a
660 3587 700 3643 N.
719 3588 770 3659 P.,
789 3597 818 3642 et
835 3586 906 3659 peri>
925 3604 983 3642 non
1000 3587 1139 3642 accederit
1156 3587 1288 3644 scriuerli
1308 3589 1337 3643 in
1356 3590 1556 3661 particulare.»
1570 3591 1613 3645 Ex

390 3675 532 3745 RegestO,
548 3673 620 3730 Cort.
636 3691 669 3746 33
683 3679 721 3747 c),
736 3676 786 3731 fol.
804 3689 850 3746 141
868 3695 896 3731 v.

444 3761 456 3794 ⁸
493 3765 536 3818 Ex
550 3765 696 3836 Regesto,
714 3765 785 3820 Cocl.
801 3781 835 3836 33
848 3767 886 3834 c),
901 3765 952 3821 iol.
969 3765 1029 3834 137.

445 3851 455 3884 ⁴
492 3854 536 3907 Ita
550 3854 612 3926 ipse
625 3855 743 3927 scripsit
756 3872 841 3910 suum
861 3872 968 3911 nomen
986 3856 1016 3911 in
1031 3855 1176 3924 examine,
1191 3853 1269 3926 quod
1286 3855 1377 3909 habes
1392 3855 1422 3910 in
1437 3855 1575 3929 append„
1590 3857 1613 3910 1.

392 3939 473 3996 Alias
487 3950 584 3997 autem
599 3943 628 3998 in
641 3943 767 3999 diversis
782 3943 853 3999 locis
867 3943 1008 4015 scriptum
1021 3943 1165 4016 reperitur
1179 3943 1308 4014 Dyrsius
1318 3951 1348 3997 et
1359 3944 1527 4000 Dirsclrius.
1539 3945 1616 4000 Vide

392 4031 664 4101 Bnrursssesomt,
679 4035 737 4088 loc.
754 4033 824 4103 cit.,
837 4033 956 4106 passim.
