3544 5390
700 393 866 456 Arnruorx
1336 411 1389 472 579

166 544 253 616 siete
275 557 359 616 anos
379 570 402 638 y
423 548 575 618 medio...
602 569 657 620 22.
680 552 751 636 Soy
772 551 815 619 de
836 553 988 640 epistola.
1014 571 1068 639 23.
1091 555 1143 620 En
1164 554 1389 641 Symancasy

166 637 369 706 Salamanca
384 640 416 706 el
431 639 555 726 primer
570 649 636 708 ano
651 663 674 727 y
690 638 814 721 medi0,
833 663 876 708 en
892 663 989 710 cosas
1004 644 1049 711 de
1063 641 1209 726 novici03
1223 645 1257 710 lo
1271 643 1388 712 demas

166 729 211 794 he
227 727 406 796 estudiado
422 740 513 798 artes
528 752 551 816 y
567 729 751 816 theologia.
773 732 843 816 [lV,
862 747 940 815 552,
959 733 1036 819 555]

242 835 271 884 1.
319 819 448 884 Petrus
463 819 639 906 Sylvius...
664 837 695 886 2.
718 818 851 907 Viginti
866 841 1032 890 nouem...
1055 841 1087 907 3.
1110 819 1281 890 Inferioris
1299 822 1388 892 Ger-

168 904 315 988 maniae,
337 906 533 991 prouinciae
553 905 752 988 flandricae,
777 908 992 996 episcopatus
1018 910 1278 992 cameracensis,
1307 909 1387 997 pagi

166 994 307 1064 nomine
322 997 471 1064 Hautem
488 996 606 1066 Sancti
621 996 743 1064 Leuini
763 995 850 1063 inter
870 999 1077 1068 Gandauum
1092 1010 1127 1068 et
1145 1001 1317 1078 Alostum,
1335 998 1387 1064 vi-

166 1082 306 1150 cinion's
322 1093 436 1151 tamen
452 1086 613 1152 Alosto...
637 1103 687 1167 14.
706 1087 913 1155 Sacerdos..
933 1087 1098 1176 Magister
1113 1087 1234 1155 artium
1254 1098 1289 1154 et
1305 1089 1388 1154 bac-

165 1173 346 1241 calaureus
362 1174 556 1262 theologiae
571 1175 776 1242 formatus...
794 1171 919 1264 [Mag]
942 1197 971 1245 1.
994 1177 1088 1264 Quid
1106 1178 1233 1264 legant.
1264 1195 1290 1243 1.
1315 1178 1387 1244 De-

164 1262 429 1330 monstrationes
458 1275 492 1332 et
523 1261 626 1331 libros
656 1263 699 1330 de
729 1263 853 1348 anima;
883 1267 969 1332 duos
999 1287 1107 1333 annos
1137 1287 1287 1348 cursum,
1317 1277 1387 1334 tres

166 1350 437 1438 grammaticam,
456 1373 562 1418 unum
578 1352 793 1422 rhetoricam.

235 1441 403 1526 [Alterum
423 1440 575 1526 ejusdam
595 1443 701 1528 Sylvii
716 1444 885 1529 uxamam]
908 1445 1013 1511 Anno
1035 1445 1118 1528 1567
1139 1442 1195 1510 die
1216 1445 1235 1508 8
1257 1441 1386 1529 Aprilis

110 1585 115 1593 .
164 1528 337 1598 Treveris.
361 1548 388 1596 1.
405 1532 533 1597 Petrus
547 1531 695 1616 Sylvius.
715 1550 742 1597 2.
761 1531 918 1618 Triginta
934 1531 1047 1614 trium,
1067 1551 1121 1617 33,
1140 1553 1306 1599 annorum
1326 1544 1387 1598 aut

165 1627 217 1684 tot
243 1617 437 1704 propediem
466 1619 614 1686 iuturus,
645 1639 676 1704 3.
706 1621 862 1690 Flander.
892 1623 1079 1689 Alostanus
1108 1623 1234 1690 Sancto
1262 1618 1386 1687 Liuino

164 1706 397 1775 hautemius..
420 1701 469 1775 1'2.
486 1709 524 1775 In
539 1707 743 1778 Societatem
759 1722 917 1796 receptus
931 1710 1011 1776 anni
1026 1707 1110 1797 lapsi
1124 1719 1205 1776 sunt
1220 1719 1391 1795 quatuor-·

164 1795 297 1877 decim,
318 1798 395 1883 plus
420 1795 545 1878 minus,
567 1797 603 1864 ni
629 1797 770 1878 fallitur,
792 1797 828 1864 in
849 1798 1046 1881 Brabantia,
1068 1797 1257 1866 louaniensi
1283 1800 1385 1865 domo

164 1895 262 1968 tunc,
280 1906 373 1952 nunc
389 1885 544 1972 collegio:
562 1905 627 1954 nec
647 1896 728 1952 tunc
750 1887 886 1971 quidem
901 1886 1125 1967 examinatus
1143 1887 1204 1955 sed
1224 1897 1302 1972 post
1321 1908 1384 1953 an·

163 1996 249 2040 num
266 1977 435 2042 Romae...
459 1991 509 2058 15.
529 1977 566 2041 ln
589 1974 789 2057 louaniensi,
813 1997 963 2058 roman0,
980 1974 1171 2056 florentin0,
1195 1974 1381 2061 tyburtino,

162 2063 339 2150 pragensi,
357 2061 626 2148 ingolstadiensi,
643 2063 829 2132 coloniensi
849 2063 940 2145 olim,
958 2064 1023 2132 iarn
1044 2063 1223 2133 treuirensi
1243 2063 1380 2150 degit...

167 2169 219 2234 17.
239 2151 363 2219 Adfuit
380 2152 466 2220 Rdo.
485 2151 579 2219 Patri
594 2154 741 2238 Laynez,
760 2153 904 2240 scriptor
918 2164 952 2222 et
969 2152 1198 2221 cubicularius
1209 2163 1245 2220 et
1257 2151 1383 2219 indiui-

160 2243 255 2307 duus
276 2261 402 2322 comes,
420 2241 610 2310 Florentiae
630 2263 690 2328 per
710 2241 861 2327 quinque
880 2263 1027 2324 menses;
1053 2243 1183 2311 Romae
1201 2241 1303 2308 etiarn
1324 2262 1383 2327 per

160 2329 294 2415 aliquot
308 2351 442 2398 menses
457 2351 548 2396 unus
563 2353 606 2398 ex
621 2329 841 2415 scriptoribus
857 2331 1004 2399 cubiculi
1022 2329 1132 2398 Patris
1148 2329 1286 2397 Polanci
1302 2350 1382 2396 cum

160 2420 322 2487 Guthero
340 2417 376 2509 [i]
394 2421 402 2452 ¹
420 2430 455 2486 et
466 2421 599 2508 Joanne
615 2417 808 2506 Philippo...
829 2422 1009 2487 Promotus
1028 2431 1080 2486 est
1100 2429 1180 2488 ante
1201 2417 1383 2487 Societatis

159 2505 357 2594 ingressum
374 2507 523 2593 quidem,
540 2507 683 2592 Louanij
700 2507 873 2594 magister:
892 2509 927 2575 in
939 2509 1109 2578 Societate
1121 2528 1201 2575 vero
1213 2508 1382 2594 ingolsta-

160 2596 206 2683 dij
226 2617 345 2663 sacrae
360 2596 552 2684 theologiae
566 2598 810 2672 baccalaureus
822 2598 977 2664 biblicus:
992 2596 1155 2666 Coloniae
1167 2595 1382 2664 setentiarius

160 2695 196 2752 et
213 2685 392 2753 formatus:
411 2685 562 2753 Treuiris
576 2685 768 2754 licentiatus
789 2696 824 2754 et
845 2688 975 2753 doctor.
998 2685 1119 2754 Literis
1134 2707 1271 2770 operam
1286 2683 1380 2752 dedit

160 2774 337 2844 flandricis
352 2785 387 2842 et
402 2775 526 2856 latin1s3
545 2795 743 2861 graecarum
760 2775 863 2844 etiarn
878 2787 912 2844 et
924 2777 1144 2843 hebraearum
1157 2773 1260 2842 initiis
1273 2773 1382 2861 (prae-

160 2874 215 2932 ter
231 2885 370 2930 cursum
385 2863 665 2950 philosophicum)
681 2862 797 2950 patrijs
813 2866 948 2950 quidem
965 2863 1030 2931 illis
1044 2865 1087 2931 ab
1102 2884 1190 2931 anno
1201 2861 1321 2932 aetatis
1334 2862 1382 2946 7.⁰

158 2963 224 3020 aut
241 2953 261 3018 8
279 2952 446 3038 usquead
471 2969 571 3035 11.¹11,
588 2952 701 3019 latinis
723 2974 783 3038 per
803 2975 911 3021 annos
929 2963 1088 3038 quatuor,
1110 2951 1243 3038 graecis
1262 2961 1297 3020 et
1317 2954 1381 3018 he-

160 3041 288 3109 braicis
303 3063 363 3109 sex
384 3040 569 3109 mensibus:
593 3041 784 3128 theologiae
806 3043 875 3110 fere
897 3065 986 3109 anno
1006 3053 1041 3110 et
1060 3044 1226 3109 hactenus
1245 3039 1382 3126 quidem

158 3141 243 3199 ante
256 3129 462 3199 Societatem
474 3130 629 3215 publicae
641 3131 719 3197 fidei
731 3131 855 3198 scholis
867 3143 902 3200 et
913 3129 1187 3218 praeceptoribus
1199 3150 1293 3210 usus,
1309 3139 1381 3197 turn

157 3218 368 3287 doctissimis
376 3231 410 3286 et
418 3217 675 3299 honestissimis,
686 3229 759 3286 turn
769 3220 874 3308 Sylvij
885 3229 1134 3300 amantissrmrs,
1144 3241 1180 3284 rn
1189 3217 1286 3305 pagis
1296 3219 1383 3287 Alo-

156 3309 217 3390 sti,
232 3307 386 3393 Lovanij3
399 3307 436 3374 in
447 3307 621 3378 Societate
632 3331 675 3376 ex
687 3309 839 3394 professo
851 3308 907 3376 vix
922 3331 1070 3396 unquam
1082 3307 1163 3393 quid
1174 3305 1303 3387 didicit,
1313 3306 1380 3373 nisi

158 3397 371 3483 theologiam
386 3397 583 3484 Ingolstadij
599 3398 733 3464 duobus
749 3397 835 3465 sorte
850 3397 958 3464 annis.
977 3400 1104 3466 Romae
1115 3395 1250 3483 quidem
1266 3395 1380 3482 coepit

157 3507 301 3556 cursum
324 3485 554 3574 theologicum
574 3485 720 3573 primum
740 3488 804 3552 sub
826 3489 866 3554 P.
890 3486 1031 3568 Olauio;
1053 3487 1114 3554 sed
1132 3494 1210 3574 post
1228 3505 1379 3553 mensem

159 3585 223 3644 aut
238 3573 373 3644 circiter
388 3574 422 3641 in
439 3577 593 3642 morbum
614 3574 744 3655 incidit,
762 3573 821 3661 qui
841 3576 990 3642 studium
1014 3586 1048 3642 et
1070 3595 1207 3661 operam
1227 3573 1378 3640 discendi

159 3663 306 3752 abrupit.
327 3667 472 3752 Pragae,
490 3663 663 3746 Coloniae,
681 3663 832 3733 Treuiris
843 3663 1014 3750 disputaui
1025 3674 1059 3732 et
1071 3661 1239 3750 respondi:
1254 3661 1379 3748 alioqui

158 3777 205 3822 ex
224 3753 381 3821 instituto
401 3753 564 3822 lectiones
584 3755 654 3820 tere
675 3754 785 3822 nullas
801 3753 944 3832 audiuit,
965 3752 1030 3819 nisi
1045 3753 1172 3838 aliquot
1188 3772 1329 3837 graecas
1344 3762 1379 3818 et

159 3846 307 3914 hebreas
321 3852 356 3912 et
372 3840 626 3910 mathematicas
641 3843 733 3910 aliud
753 3844 888 3929 agendo
907 3841 1115 3926 Ingolstadij.
1139 3839 1263 3908 Docuit
1284 3851 1381 3908 extra

159 3932 370 4006 Societatem
390 3931 530 4018 Lovanij
552 3931 727 3999 dimidiato
751 3952 841 3998 anno
860 3931 895 3997 in
917 3929 1126 4016 philosophia
1151 3927 1321 4015 priuatim;
1344 3927 1379 3996 in

157 4023 280 4092 eadem
292 4021 394 4089 etiam
405 4019 575 4090 interdum
588 4020 724 4088 nomine
736 4019 982 4086 ordinariorum
995 4029 1134 4104 rogatus
1145 4017 1280 4103 publice
1292 4039 1380 4084 non-

157 4132 347 4197 numquam
363 4108 448 4178 etin
464 4109 701 4198 grammaticis
719 4111 756 4177 In
774 4107 944 4178 Societate
960 4129 1041 4174 vero
1056 4107 1173 4174 docuit
1188 4105 1380 4173 rudimenta

157 4201 268 4290 prima
297 4199 413 4266 latina:
449 4199 593 4287 primam
627 4209 757 4287 partem
777 4197 1010 4284 Despauterij,
1037 4197 1188 4263 eiusdem
1211 4195 1380 4280 syntaxim

157 4301 193 4361 et
209 4288 484 4359 versificatoriam
501 4287 540 4376 (si
560 4287 820 4355 versificatoriae
841 4287 923 4372 satis
943 4285 1120 4370 meminit),
1138 4283 1328 4371 Vergilium
1346 4297 1380 4352 et

158 4377 287 4466 aliquid
303 4375 498 4461 rhetorices3
517 4377 578 4446 sed
594 4381 677 4446 haec
693 4376 845 4466 proxima
861 4378 930 4445 duo
953 4385 1088 4443 nostros
1107 4373 1197 4441 dorni
1213 4375 1381 4464 lngolsta·

219 4579 227 4612 ¹
265 4573 400 4635 Obscure
412 4581 572 4632 exaratum.
