3544 5390
1015 179 1029 213 b

373 425 426 494 564
844 421 946 477 Error.
967 421 1001 475 P.
1021 421 1135 478 Nauae

372 599 465 663 yser
481 577 632 663 prefecto
648 577 690 641 de
711 577 762 642 los
783 574 915 641 studius
934 597 956 658 y
977 577 1161 642 consultor.
1187 576 1314 664 †J0an
1330 578 1373 645 de
1385 579 1483 664 Jaen.
1508 575 1596 662 [Atia

374 665 514 754 mama]
531 667 756 842 ]·Respuestas
787 666 842 732 del
875 664 986 730 Padre
1019 667 1098 752 laen
1125 687 1207 752 para
1235 676 1373 734 nuestro
1402 669 1441 732 P.
1474 665 1592 732 Nadal.

388 757 444 834 ΙΙΙ,
467 756 528 821 108
721 781 724 785 ¹

375 755 386 842 i
446 863 473 910 1.
518 844 616 931 Juon
632 843 782 907 Mauuel.
800 860 832 906 2.
853 842 973 925 Tengo
997 842 1084 906 edad
1104 843 1148 910 de
1169 841 1325 927 veintey
1352 844 1441 908 ocho
1468 851 1595 926 afrosy

374 935 437 998 dos
462 953 583 998 meses
616 951 647 1014 3.
678 933 731 998 De
758 932 791 996 la
811 928 986 1015 prouincia
1007 930 1050 996 de
1071 929 1222 1010 Castilla,
1240 932 1284 998 de
1301 953 1368 996 una
1383 929 1462 996 villa
1480 951 1546 1014 que
1560 952 1594 996 se

376 1023 476 1088 llama
493 1020 682 1085 Treuiho...
702 1021 729 1084 F
733 1023 765 1084 ul
783 1017 933 1085 recibido
950 1039 1011 1101 por
1024 1020 1058 1084 el
1080 1020 1119 1084 P.
1143 1019 1347 1086 Villanueua
1370 1039 1413 1085 en
1435 1020 1591 1084 Alcala...

381 1111 431 1176 16.
450 1111 573 1176 Nuebe
589 1132 611 1194 y
628 1107 778 1174 medio..
796 1125 849 1172 22.
870 1107 987 1172 Orden
1003 1110 1046 1175 de
1062 1109 1261 1192 presbytero
1276 1130 1299 1193 y
1314 1109 1364 1172 las
1379 1109 1497 1174 demas
1512 1107 1595 1174 inle-

375 1199 495 1264 riores.
520 1215 574 1282 23.
604 1199 656 1262 Yo
683 1198 804 1263 estube
831 1217 875 1262 en
902 1196 1022 1261 Aleala
1042 1195 1245 1262 estodiando
1264 1219 1308 1262 en
1328 1198 1360 1263 la
1376 1197 1596 1280 Compar'rtay

376 1288 553 1372 occupado
581 1309 624 1352 en
651 1285 780 1350 officios
808 1283 903 1369 bajos
929 1283 1027 1349 cinco
1055 1294 1150 1364 ahoS,
1176 1309 1199 1370 y
1222 1307 1266 1350 en
1286 1295 1358 1352 este
1380 1285 1493 1351 medio
1513 1286 1596 1352 luia

378 1377 519 1442 Cuenca
537 1381 557 1439 a
572 1375 791 1440 conualescer
807 1374 851 1438 de
866 1393 932 1436 vna
949 1373 1179 1440 ensermedad:
1202 1376 1245 1442 de
1270 1375 1388 1440 Alcala
1412 1375 1460 1438 sul
1489 1381 1508 1438 a
1529 1376 1597 1438 Me-

376 1464 458 1529 dina
485 1465 540 1530 del
568 1463 712 1548 Camp0,
743 1460 875 1526 adonde
896 1461 971 1544 leya
992 1483 1059 1528 vna
1080 1461 1182 1528 licion
1201 1465 1244 1528 de
1266 1483 1434 1548 mayoreS,
1452 1485 1474 1546 y
1491 1459 1596 1548 predi-

377 1574 477 1631 caua,
496 1552 699 1617 confessaua
719 1573 741 1634 y
764 1571 820 1617 era
842 1560 989 1616 maestro
1009 1552 1052 1617 de
1072 1551 1237 1617 nouicios.
1264 1554 1316 1618 De
1344 1551 1482 1618 Mediua
1509 1551 1553 1614 sul
1579 1557 1596 1613 a

379 1643 513 1708 Ocar'ta:
532 1645 611 1724 aqui
628 1639 810 1725 predicaua
826 1661 848 1722 y
864 1639 1102 1724 contessauay
1124 1641 1172 1704 fui
1196 1639 1362 1706 ministro:
1385 1642 1428 1706 de
1448 1661 1491 1724 ay
1512 1639 1557 1703 sui
1578 1643 1594 1702 ai
1665 1661 1671 1674 ·

379 1731 575 1808 Velmonte,
599 1751 621 1814 y
642 1729 698 1793 alli
721 1728 902 1812 predicaua
927 1749 950 1811 y
978 1749 1035 1793 era
1056 1728 1220 1819 superior.
1248 1730 1300 1793 De
1322 1730 1502 1796 Velmontc
1523 1727 1593 1792 vine

378 1826 398 1883 a
426 1819 567 1897 Tuledo,
586 1817 651 1882 ado
678 1815 859 1901 predicaua
886 1817 1140 1900 yconfessaua,
1163 1839 1185 1901 y
1212 1839 1255 1884 en
1278 1816 1434 1884 diuersos
1461 1815 1594 1900 tiempos

378 1930 421 1975 en
443 1928 522 1973 casa
543 1908 624 1973 tube
646 1904 775 1970 officios
795 1906 838 1969 de
859 1915 1005 1970 maestro
1034 1907 1076 1970 de
1104 1905 1268 1985 nouici03,
1296 1907 1339 1972 de
1365 1905 1528 1983 ministro,
1555 1905 1593 1970 de

379 1997 552 2063 confessor
573 1996 617 2062 de
643 2015 737 2060 casa:
761 1994 908 2078 despues
934 1994 981 2059 fui
1009 1996 1041 2058 al
1068 1991 1185 2074 Villar,
1215 1995 1280 2060 ado
1306 1995 1403 2060 hazia
1430 1996 1461 2062 el
1489 1992 1593 2059 officio

378 2084 435 2152 del
463 2095 590 2164 rector3
625 2083 771 2168 despues
803 2087 899 2148 torue
930 2088 950 2146 a
982 2083 1127 2166 Toled0,
1160 2083 1225 2150 ado
1257 2104 1361 2168 agora
1392 2094 1500 2167 estoy.
1531 2078 1591 2170 llll,

381 2192 459 2252 210,
479 2190 540 2238 211

447 2263 504 2326 Ad
536 2171 681 2346 pirimum
708 2257 862 2344 Joanncs
893 2259 1072 2343 Murquez.
1107 2278 1139 2326 2.
1173 2261 1294 2324 Annos
1326 2279 1380 2342 34.
1417 2280 1448 2343 3.
1479 2258 1593 2341 Hispa-

381 2370 459 2428 nus,
478 2349 622 2428 beticus,
641 2349 684 2413 de
700 2347 902 2430 Villanueva
918 2347 972 2412 del
990 2350 1159 2416 Fresno...
1180 2365 1211 2430 7.
1231 2351 1268 2413 ln
1285 2347 1414 2414 militia.
1444 2367 1493 2414 12.
1516 2348 1594 2414 Sunt

384 2439 453 2504 sere
486 2455 523 2503 12
552 2436 632 2502 anni
660 2438 787 2501 Romae
818 2447 975 2521 receptus
1003 2436 1063 2516 fui3
1098 2449 1181 2501 tunc
1213 2437 1321 2521 primo
1351 2437 1590 2502 examinatus...

386 2545 436 2607 14.
460 2526 646 2591 Diaconus.
675 2541 725 2607 15.
751 2527 889 2604 Romae,
913 2523 1063 2604 Laureti,
1088 2525 1301 2612 lngolstadii.
1329 2527 1379 2592 16.
1405 2525 1484 2592 Feci
1501 2523 1593 2590 semel

382 2614 542 2682 exercitia
559 2636 617 2700 per
633 2615 751 2680 decem
767 2611 890 2680 diesin
906 2613 1125 2680 xenodochiis
1143 2614 1206 2693 bis,
1225 2615 1329 2681 semel
1345 2635 1405 2700 per
1427 2626 1496 2679 tres
1518 2611 1591 2676 heb-

383 2704 545 2769 domadas
562 2715 596 2768 et
613 2703 718 2769 semel
733 2723 793 2784 per
810 2701 961 2768 totidem:
981 2723 1041 2786 per
1054 2725 1113 2768 sex
1127 2723 1260 2768 menses
1272 2702 1527 2778 credentiarius,
1541 2720 1592 2784 per

384 2813 510 2858 annum
527 2791 562 2855 in
578 2791 737 2856 cubiculo
754 2789 864 2856 Patris
881 2791 1017 2874 Ignatii,
1035 2813 1095 2876 per
1112 2813 1238 2856 annum
1251 2791 1286 2857 in
1298 2793 1399 2856 domo
1412 2787 1589 2863 cardinalis

384 2903 443 2965 per
459 2879 633 2946 biennium
650 2879 795 2944 incuria
812 2877 904 2964 regis
922 2877 1068 2964 Philippi
1085 2880 1264 2947 Bruxellis:
1284 2901 1343 2965 per
1359 2881 1497 2945 castella
1515 2876 1591 2942 circa

385 2973 524 3035 Romam
553 2968 654 3033 docui
685 2967 874 3033 doctrinam
901 2966 1136 3049 christianam,
1166 2967 1360 3052 aliquandiu
1392 2969 1593 3034 contionatus

385 3080 460 3123 sum
478 3059 607 3122 Romae
623 3057 657 3122 in
674 3055 879 3121 carceribus.
900 3057 1037 3122 Laureti
1059 3056 1127 3141 legi
1148 3078 1210 3141 per
1228 3078 1350 3122 novem
1372 3079 1506 3124 menses
1525 3073 1594 3139 gra·

385 3146 557 3225 maticam,
588 3144 785 3230 ingolstadii
813 3167 873 3229 per
899 3165 1025 3208 aunum
1047 3145 1305 3230 philosophiam.
1335 3162 1384 3227 17.
1409 3147 1446 3211 ln
1471 3159 1596 3210 romano

385 3234 533 3323 collegio
550 3256 609 3318 per
626 3245 694 3301 tres
710 3255 818 3298 annos
835 3232 1068 3317 philosophiae
1085 3255 1221 3319 operam
1242 3235 1340 3314 dane,
1363 3245 1399 3299 et
1418 3234 1452 3298 in
1475 3249 1595 3318 germa-

385 3324 462 3389 nico
483 3345 544 3408 per
564 3322 737 3388 biennium
762 3343 877 3386 curam
900 3323 1028 3388 habens
1049 3344 1244 3407 puerorum,
1269 3333 1304 3390 et
1323 3322 1457 3390 interim
1479 3319 1595 3386 theolo·

387 3413 465 3498 giae
482 3433 618 3496 operam
635 3433 776 3476 navans,
799 3412 866 3496 [lll,
886 3410 961 3494 398]

458 3520 486 3566 1.
530 3499 684 3585 Joonnes
711 3500 922 3584 Mortnigne.
947 3517 978 3564 2.
1002 3501 1113 3564 Natus
1132 3521 1207 3563 sum
1229 3521 1319 3564 anno
1345 3514 1440 3582 1517.
1465 3519 1496 3582 3.
1523 3499 1594 3562 Bra-

386 3589 515 3670 bantie,
530 3589 673 3666 Gallice,
688 3587 832 3653 diocesis
845 3586 1038 3666 leodiensiS,
1050 3609 1092 3652 ex
1106 3609 1197 3674 pago
1210 3589 1300 3671 quod
1314 3586 1594 3673 Lignacumappe·

387 3679 529 3742 llatur...
561 3679 592 3743 6.
623 3680 738 3744 Unum
768 3677 905 3742 fratrem
933 3675 1062 3742 ordinis
1089 3675 1197 3741 sancti
1225 3675 1396 3742 Francisci
1416 3687 1452 3741 et
1476 3675 1594 3741 unicam

387 3789 537 3832 sororem
565 3766 744 3832 viduam...
780 3782 830 3845 14.
863 3766 898 3829 ln
927 3763 1116 3830 sacerdotio
1144 3785 1218 3830 sum
1247 3765 1313 3831 iam
1341 3763 1464 3850 viginti
1489 3780 1593 3828 annos.

393 3871 442 3937 15.
465 3855 579 3920 Primo
598 3854 739 3938 Louanij
758 3875 832 3919 sum
850 3851 1026 3938 ingressus
1042 3849 1260 3935 Societatem,
1279 3865 1313 3919 et
1327 3861 1404 3938 post
1416 3855 1501 3919 duos
1513 3869 1596 3916 men-

389 3965 443 4010 ses
460 3943 584 4010 missus
600 3946 753 4020 Romam,
774 3943 831 4007 ubi
849 3942 957 4006 mansi
978 3941 1013 4006 in
1034 3942 1135 4009 domo
1156 3941 1363 4027 probationis
1384 3964 1444 4008 sex
1464 3957 1595 4013 menses;

390 4031 513 4098 deinde
529 4031 563 4096 in
581 4031 727 4115 collegio
743 4043 820 4096 octo
837 4031 1021 4096 mensibus.
1043 4033 1167 4096 Postea
1182 4031 1306 4096 missus
1321 4053 1397 4096 sum
1415 4033 1596 4102 Lauretum,

389 4120 447 4186 ubi
465 4120 617 4186 habitaui
639 4121 791 4204 quinque
812 4119 921 4185 annis.
947 4123 1124 4186 Postremo
1151 4119 1275 4184 missus
1302 4141 1375 4186 sum
1405 4121 1596 4190 Turnacum,

390 4209 449 4275 ubi
467 4209 584 4275 habito
600 4209 665 4274 iam
684 4231 791 4274 annos
809 4220 878 4275 tres
894 4229 971 4273 cum
990 4225 1009 4290 7
1026 4207 1211 4274 mensibus,
1230 4205 1240 4296 Ι
1243 4210 1298 4286 ΙΙΙ,
1321 4209 1478 4296 139-142]

462 4317 489 4364 1.
534 4299 688 4385 joannes
704 4299 868 4363 Nicotaus
884 4299 1031 4362 Donius.
1049 4315 1081 4362 2.
1101 4297 1245 4363 Circiter
1262 4317 1315 4380 30.
1336 4315 1367 4380 3.
1388 4291 1598 4364 Brabantinus

390 4388 575 4455 balenus..
596 4405 628 4469 7.
648 4388 790 4471 Semper
807 4386 855 4451 fui
872 4385 1059 4451 studiosus.
1083 4404 1133 4451 12.
1152 4389 1281 4454 Decem
1297 4385 1395 4452 annis
1411 4407 1485 4452 sum
1500 4383 1530 4448 in
1542 4381 1596 4448 So-

390 4476 525 4558 cietate;
545 4476 721 4561 ingressus
744 4496 819 4540 sum
842 4475 1017 4554 Coloniae,
1040 4473 1294 4542 examinatus...
1322 4493 1372 4557 14.
1397 4476 1479 4544 Sum
1498 4488 1596 4537 sacer·

387 4566 464 4630 dos.
488 4581 539 4647 15.
558 4565 621 4632 Fui
638 4564 801 4631 Coloniae
816 4585 876 4650 per
892 4565 1150 4632 hebdomadam:
1170 4563 1218 4629 sui
1235 4565 1355 4646 Rome,
1370 4561 1514 4641 Laureti,
1526 4557 1593 4624 Flo·
