3504 5386
685 459 703 514 9
722 443 908 500 Novsusrus
929 443 997 514 1563

798 699 893 764 882

627 827 664 882 P.
687 826 926 883 LAMBERTUS
945 826 1052 884 AUER

423 944 608 1010 PATRI
642 943 1019 1012 HIERONYMO
1054 945 1262 1012 NADAL

559 1097 757 1154 nocuum,
776 1099 794 1152 ο
812 1096 993 1140 κονωωε
1015 1083 1083 1154 1563
1104 1089 1125 1140 ¹.

219 1220 254 1265 1.
273 1205 403 1262 Gratias
414 1209 483 1282 agit
491 1213 551 1281 pro
560 1226 636 1264 ciera
645 1227 738 1280 qaam
749 1209 835 1264 habet
844 1209 930 1264 illius
939 1210 1139 1282 collegii—2.
1156 1209 1231 1266 lues
1241 1210 1354 1284 infesta
1363 1212 1454 1268 illum

275 1297 357 1369 cogit
369 1297 487 1368 aliquot
498 1297 686 1354 scholasticos
698 1315 713 1352 e
726 1297 852 1371 collegio
864 1299 1070 1369 educere—3.
1087 1298 1219 1355 Litterae
1232 1299 1363 1356 indicae:
1383 1301 1456 1355 ado-

277 1385 389 1442 lescens
400 1387 544 1460 egregius
556 1387 590 1441 in
603 1387 780 1443 Societatem
795 1388 1031 1456 admissus-4.
1049 1388 1152 1443 Plura
1168 1391 1350 1463 moguntino
1368 1390 1455 1445 colle·
1567 1461 1569 1464 Ι

272 1473 329 1546 gio
338 1473 376 1528 ah
384 1475 606 1547 archiepiscopo
616 1475 727 1530 collata
736 1475 878 1549 beneficia
888 1478 1066 1532 παπαί.-
1067 1491 1095 1544 5.
1108 1476 1178 1530 Duo
1181 1474 1310 1546 juvenes
1324 1477 1453 1533 Romam

275 1563 373 1617 missi:
384 1564 473 1636 grati
484 1564 584 1619 animi
596 1581 672 1636 erga
686 1563 726 1619 P.
743 1563 886 1620 Natalem
898 1581 986 1620 sensa
998 1565 1157 1637 exprimit.

837 1679 854 1733 †

803 1736 878 1822 Jhs.
898 1766 903 1774 ·

295 1886 324 1935 1.
374 1869 446 1934 Pax
462 1864 591 1933 Christi
605 1879 671 1935 etc.
690 1867 798 1936 Molto
818 1868 905 1936 Rdo.
926 1868 1049 1936 Padre.
1075 1867 1287 1935 Arriuorono
1303 1867 1363 1953 qui
1378 1868 1453 1936 sani

220 1983 248 2050 li
263 1981 368 2050 Padri
388 1992 423 2048 et
444 1979 580 2064 fratelli,
601 1980 624 2047 li
644 1982 737 2068 quali
758 1982 789 2049 ci
810 1982 935 2050 mandi>
955 1985 998 2050 V.
1024 1985 1063 2049 Ρ.
1088 1982 1323 2069 Ringratiamo
1345 1985 1452 2050 molto

218 2099 310 2165 della
322 2117 405 2164 cura
420 2105 561 2183 paterna
575 2097 640 2166 che
655 2107 753 2183 porta
768 2119 901 2184 sempre
913 2119 973 2184 per
985 2096 1053 2164 noi.
1068 2096 1200 2167 Stiamo
1212 2099 1322 2166 anche
1333 2097 1449 2164 benis-

218 2213 307 2281 sime
327 2212 479 2282 contenti
500 2233 566 2279 con
587 2212 654 2280 M.⁰
674 2213 851 2282 Lodouico
869 2235 931 2300 per
953 2213 977 2280 il
1001 2233 1102 2280 corso
1128 2211 1375 2300 philosophico;
1401 2224 1449 2298 et,

218 2331 356 2399 benche
371 2331 464 2396 fusse
480 2338 569 2395 stato
581 2349 661 2396 caro
673 2331 782 2397 anche
795 2330 863 2398 M.⁰
875 2328 1017 2396 Nicolao
1027 2329 1053 2409 ¹,
1068 2350 1133 2415 pur
1144 2327 1351 2397 nondimeno
1363 2330 1449 2395 hab·

216 2444 335 2511 biamo
350 2454 451 2528 grato
467 2447 532 2513 che
552 2443 602 2512 sia
622 2444 658 2510 in
678 2443 830 2532 Dilinga,
848 2446 938 2512 doue
960 2443 1067 2511 faccia
1086 2443 1213 2531 meglio
1228 2466 1248 2509 a
1262 2444 1447 2531 proposito.

218 2561 299 2628 Non
317 2562 502 2627 haueremo
517 2570 766 2640 mancamento,
786 2560 931 2628 essendo
947 2581 1007 2647 per
1022 2559 1133 2647 gratia
1148 2558 1182 2625 di
1199 2559 1264 2626 Dio
1281 2557 1369 2626 assai
1385 2561 1450 2627 che

217 2695 311 2762 pono
326 2674 493 2741 adiutarci
509 2696 577 2741 vno
593 2673 628 2740 in
644 2687 778 2762 questo,
797 2676 820 2740 l'
837 2676 924 2743 altro
938 2676 1028 2743 nella
1044 2676 1129 2742 altra
1149 2675 1287 2742 faculta.
1310 2676 1360 2742 La
1375 2695 1448 2740 ma-

216 2791 296 2877 gior
312 2811 395 2857 cura
411 2789 458 2855 mi
474 2791 509 2856 fu
526 2811 586 2876 per
601 2789 625 2856 il
640 2789 853 2877 philosopho,
871 2791 904 2857 lo
920 2791 1021 2876 quale
1037 2791 1079 2858 V.
1093 2792 1133 2857 P.
1152 2789 1184 2856 ci
1200 2791 1293 2860 dette
1309 2788 1378 2876 gia.

286 2923 320 2972 2.
368 2905 419 2972 La
438 2915 548 2991 peste,
565 2906 698 2974 benche
717 2926 787 2971 non
807 2905 858 2972 sia
878 2905 1021 2992 grande,
1040 2905 1069 2972 si
1088 2908 1134 2972 ha
1153 2906 1239 2972 tolto
1259 2904 1366 2986 molti,
1384 2907 1448 2972 ha-

217 3021 334 3090 uendo
349 3019 373 3085 li
388 3018 522 3106 parenti
537 3041 655 3107 paura,
673 3021 806 3088 benche
821 3021 854 3087 la
870 3019 1040 3087 vindemia
1056 3021 1067 3054 ⁵
1084 3022 1232 3087 anchora
1243 3018 1333 3088 leuai
1345 3022 1447 3086 scho-

215 3135 278 3204 lari
295 3153 351 3204 21:
371 3147 579 3204 tornatanno
591 3157 691 3222 spero
706 3147 834 3222 presto.

282 3253 329 3318 D.
359 3250 530 3320 Strobelio
562 3252 574 3283 ⁸
602 3273 668 3318 con
699 3251 868 3320 Siluestro
895 3229 1157 3319 *mandassimo
1189 3273 1249 3337 per
1280 3253 1444 3332 Treuere,

215 3365 285 3434 Μ.ο
302 3367 475 3434 Rumoldo
491 3369 503 3403 ⁶
520 3389 540 3434 a
557 3366 712 3450 Colonia,
728 3377 763 3436 et
777 3366 887 3454 hoggi
900 3369 940 3434 P.
956 3367 1119 3436 Henrico.
1136 3369 1194 3434 Ho
1207 3369 1367 3433 mandato
1379 3387 1448 3433 vna

216 3479 315 3568 copia
331 3482 421 3549 della
436 3482 557 3550 lettera
572 3482 607 3548 di
624 3483 667 3550 V.
684 3484 724 3548 P.
739 3503 801 3568 per
814 3491 903 3551 tutte
915 3483 983 3550 due
994 3482 1119 3562 bande,
1134 3481 1229 3549 accio
1241 3481 1360 3567 sepino
1372 3502 1447 3550 me-

216 3598 289 3685 glio
304 3579 337 3665 le
353 3617 446 3666 cose.

285 3733 316 3797 3.
367 3731 411 3779 20
432 3713 629 3799 essemplari
651 3716 797 3780 hauemo
821 3723 959 3780 seruato
982 3714 1071 3779 delle
1095 3714 1214 3779 lettere
1238 3711 1385 3792 indiane,
1412 3721 1448 3780 et

216 3829 302 3897 altre
324 3837 418 3895 tante
438 3829 598 3897 mandate
619 3849 679 3913 per
701 3830 864 3898 Treuere.
883 3829 910 3894 Il
930 3839 1021 3895 resto
1041 3849 1102 3914 per
1123 3827 1146 3893 li
1167 3827 1243 3894 altri
1260 3807 1396 3912 collegii
1411 3837 1447 3893 et

268 4033 277 4066 ¹
315 4035 360 4090 Ex
373 4035 566 4107 autographo,
580 4035 609 4090 in
625 4033 699 4090 Cod.
717 4049 756 4105 29
767 4035 807 4106 c),
821 4035 931 4107 duplici
944 4033 1014 4106 fol„
1027 4033 1073 4106 85,
1087 4033 1122 4089 88
1134 4037 1220 4104 (272).

266 4127 279 4159 ¹
316 4123 479 4180 Servatius.
494 4123 571 4179 Vide
584 4124 671 4196 epist.
685 4121 750 4194 320,
764 4143 794 4179 n.
817 4137 842 4190 ις
856 4133 887 4180 et
899 4123 967 4182 326.

265 4214 277 4246 ⁸
314 4211 377 4268 Sic.
396 4212 564 4268 Desiderari
578 4213 696 4269 videtur
709 4213 826 4286 aliquod
840 4215 963 4269 verbum
976 4213 1006 4268 in
1020 4203 1076 4268 hoc
1090 4214 1164 4268 loco.

265 4306 277 4338 ⁸
314 4301 542 4374 christophorus
556 4301 731 4366 strobetius,
745 4302 855 4376 dequo
867 4303 936 4358 vide
949 4319 1047 4375 supra,
1060 4318 1128 4374 pag.
1145 4313 1207 4372 152,
1220 4308 1251 4356 et
1264 4300 1404 4374 append„
1417 4299 1443 4354 1.

265 4394 276 4426 ⁵
314 4391 469 4464 sylvester
481 4391 644 4461 Norbam,
658 4390 688 4447 ni
700 4391 841 4448 fallimur.
859 4390 936 4447 Vide
950 4391 1014 4462 ejus
1026 4407 1152 4447 examen
1163 4389 1195 4446 in
1208 4390 1347 4462 append,
1362 4388 1390 4446 1.

265 4483 277 4517 ⁶
314 4481 502 4536 ullamoldus
515 4479 652 4536 Flander
663 4479 699 4553 [l]
711 4471 858 4536 Rombaut
872 4479 1046 4549 Wisheven,
1060 4483 1098 4536 nt
1111 4479 1128 4534 h
1141 4479 1276 4548 Melina,
1290 4478 1335 4534 fut
1348 4477 1444 4534 admis

211 4588 249 4626 au
262 4568 392 4626 novicist
405 4569 422 4625 ὲ
435 4569 568 4626 Louveh
581 4587 619 4626 en
634 4582 702 4640 1545
715 4578 745 4626 et
759 4569 886 4626 moruth
903 4569 1051 4639 Louvain,
1064 4571 1093 4625 le
1105 4569 1140 4624 28
1157 4568 1316 4624 decembre
1338 4567 1444 4636 1566.»

211 4661 257 4716 Ex
271 4659 523 4726 Sammonici,
537 4658 589 4716 ces
595 4659 724 4731 jesuitae
735 4661 772 4716 de
785 4659 889 4726 Rorne,
903 4675 970 4732 pag.
985 4671 1052 4714 xvr.
