3666 5384
808 463 876 532 1556
1415 477 1449 533 41

291 611 476 680 Dificultas
495 613 717 700 perueniendi
737 616 889 695 lenuam‚
907 624 1045 700 propter
1061 623 1296 700 tempestatem
1316 625 1352 682 et
1374 616 1451 703 plu-

216 727 315 794 uias.
335 729 599 816 Expectauimus
614 731 739 798 Ienuae
751 729 787 796 in
802 730 904 796 domo
916 728 1012 797 Sauli
1023 727 1059 795 in
1070 739 1197 795 monte:
1215 728 1386 798 dificultas
1397 730 1451 796 in-

220 853 325 912 terea
336 843 380 911 ab
391 843 544 931 hispanis
555 845 686 914 deloco
701 844 737 912 in
749 845 841 926 naui,
859 855 894 911 et
907 844 1005 911 fauor
1019 844 1129 925 ducis,
1142 854 1208 912 etc.
1224 845 1452 912 Commodum

219 959 440 1041 cubiculum,
459 981 585 1047 magna
604 959 768 1048 prouisio‚
794 981 896 1045 quam
915 958 1163 1028 contradiceret
1178 959 1361 1045 Gonqales,
1384 970 1451 1030 etc.

223 1076 427 1142 Bemardus
445 1074 601 1143 infensus
623 1075 805 1143 Francisco
829 1075 1037 1156 Alexandro,
1062 1075 1155 1159 quod
1178 1073 1281 1142 sciret
1299 1074 1453 1163 linguam

221 1189 421 1271 iudeorum,
438 1191 498 1276 qui
513 1190 688 1258 Christum
704 1187 750 1282 [l]
766 1190 971 1258 occiderant.

294 1307 351 1372 67
368 1307 473 1391 Quod
489 1305 536 1396 [l]
548 1307 650 1375 nobis
661 1305 837 1394 nauigatio
852 1305 993 1372 cesserit
1004 1315 1042 1370 vt
1061 1303 1274 1390 praedixerat
1290 1307 1330 1372 P.
1349 1305 1453 1392 Igna-

223 1421 309 1505 tius;
337 1443 416 1488 nam
439 1423 580 1503 Romae,
595 1443 702 1508 quum
723 1420 957 1489 constituisset
982 1442 1038 1487 me
1064 1419 1210 1501 mittere,
1235 1421 1406 1488 consuluit
1433 1444 1454 1489 a

223 1558 336 1604 coena
351 1540 485 1618 Patres,
503 1547 570 1605 etc.
589 1558 658 1623 qua
671 1529 727 1604 via
741 1557 894 1604 essemus
910 1533 1002 1614 ituri,
1021 1545 1154 1603 terrane
1174 1557 1219 1601 an
1234 1535 1330 1618 mari,
1348 1546 1384 1604 et
1398 1558 1454 1603 me

222 1652 338 1719 voluit
357 1652 472 1720 dicere
492 1651 696 1722 sententiam
716 1651 932 1739 interrogans
951 1672 1035 1718 num
1056 1671 1166 1718 essem
1182 1649 1268 1720 liber
1287 1662 1324 1717 vt
1339 1652 1383 1720 de
1399 1675 1449 1733 re,

227 1790 320 1852 quae
335 1769 379 1836 ad
395 1789 449 1835 me
465 1767 644 1848 attinebat,
661 1767 823 1837 dicerem:
841 1765 911 1834 dixi
926 1787 982 1832 me
1000 1765 1158 1848 liberum,
1176 1753 1211 1832 et
1232 1766 1317 1832 mari
1332 1765 1451 1835 videri.

227 1882 324 1950 Nihil
339 1893 436 1964 tunc;
453 1883 515 1950 sed
530 1882 694 1970 postridie
710 1881 921 1951 renuntiauit
936 1881 1019 1947 mihi
1034 1903 1096 1968 per
1116 1881 1301 1948 Martinum
1316 1892 1355 1948 vt
1370 1883 1454 1949 mari

228 1997 358 2066 iremus
377 2019 459 2064 cum
480 2019 605 2085 magna
626 1997 876 2077 benedictione,
894 1998 986 2082 quod
1007 2017 1075 2084 ego
1097 1996 1217 2082 scripsi
1233 1996 1269 2063 in
1283 1997 1360 2066 med
1376 1999 1455 2065 bre-

227 2113 354 2180 uiario.
368 2113 567 2181 Periculum
582 2136 602 2178 a
617 2112 727 2200 pirata
738 2113 918 2199 gallorum,
938 2111 997 2198 qui
1012 2112 1055 2178 ad
1074 2110 1081 2200 Ι
1101 2112 1277 2181 Balearem
1293 2112 1454 2182 maiorem

226 2227 374 2316 impegit
390 2249 600 2316 persequens
615 2228 776 2315 exiguam
792 2247 916 2295 nauem
932 2225 1156 2294 lusitanorum
1175 2229 1197 2292 ¹.

297 2463 360 2529 09
686 2481 724 2528 tu
740 2480 928 2540 utsnnum,
953 2461 1000 2526 2.⁰

807 2641 891 2694 1556

249 2849 256 2865 ·
299 2811 502 2899 Attigimus,
521 2813 588 2878 X.0
606 2810 726 2898 gloria,
746 2821 871 2878 terram
887 2807 1035 2893 Alicantj
1053 2807 1089 2874 in
1109 2807 1164 2874 die
1180 2807 1458 2876 Circumcisionis

233 2930 333 3014 1556.
369 2925 535 2995 Venimus
566 2924 749 2994 Helchium
781 2924 807 3004 ³,
840 2922 898 2989 vbi
929 2922 1079 3009 benigne
1109 2944 1173 2990 nos
1200 2922 1331 3010 accepit
1362 2945 1457 2992 soror

226 3047 275 3113 D.
296 3041 491 3128 Theotonij‚
519 3039 774 3123 marchionissa,
798 3038 931 3106 etiamsi
950 3048 1042 3106 esset
1061 3037 1193 3106 insensa
1214 3040 1255 3106 P.
1273 3039 1407 3126 Ignatio
1422 3050 1458 3109 et

226 3158 397 3231 Societati
416 3168 553 3244 propter
572 3153 802 3224 dimissionem
823 3153 948 3222 fratris.
978 3153 1119 3221 Miserat
1134 3175 1189 3222 me
1205 3157 1308 3223 Pater
1328 3156 1456 3241 absque

227 3275 339 3354 socio,
357 3284 392 3341 et
407 3272 502 3342 dedit
521 3293 639 3340 curam
655 3290 870 3358 2puerorum
893 3269 1110 3350 secularium,
1135 3290 1223 3355 quos
1243 3271 1404 3340 ducerem
1420 3272 1456 3338 in

227 3389 447 3478 Hispaniam.

297 3505 382 3572 Inde
398 3503 574 3585 Mursiam,
591 3503 650 3570 vbi
665 3501 817 3570 intellexi
832 3503 876 3568 de
892 3513 999 3569 morte
1016 3500 1127 3569 Patris
1143 3502 1179 3568 M
1184 3499 1206 3566 ,ἱ
1229 3501 1455 3584 Domenecbi,

226 3623 324 3690 vnde
340 3621 467 3688 factum
482 3630 536 3689 est
549 3629 588 3685 vt
599 3639 668 3685 non
680 3628 795 3706 posset
810 3628 985 3705 paternam
999 3615 1242 3684 haereditatem
1255 3615 1358 3700 adire3
1378 3639 1457 3685 nam

227 3738 337 3827 paulo
349 3745 531 3821 antequam
547 3733 777 3802 discessissem
798 3755 841 3802 ex
861 3735 957 3814 vrbe,
976 3733 1102 3800 fecerat
1121 3732 1128 3822 Ι
1147 3731 1394 3818 professionem
1414 3735 1455 3801 P.

228 3857 464 3931 Domenecus,
482 3850 517 3917 id
532 3848 790 3937 importunitate
801 3859 1018 3934 extorquens,
1034 3870 1139 3933 quum
1152 3847 1187 3915 id
1198 3847 1246 3914 illi
1258 3859 1455 3936 negaretur.

299 3967 389 4036 Veni
405 3966 609 4037 Valentiam:
631 3965 804 4052 professus
823 3985 899 4032 sum
926 3963 1027 4050 plane
1053 3962 1147 4030 illum
1171 3965 1375 4051 professum,
1393 3986 1459 4033 nec

228 4107 334 4174 posse
348 4083 444 4150 obire
459 4081 704 4151 haereditatem
719 4079 836 4168 patris,
859 4078 925 4147 nisi
936 4079 1074 4150 aliunde
1086 4079 1223 4166 aliquod
1235 4079 1289 4146 ius
1300 4079 1453 4148 haberet.

227 4201 316 4270 Inde
334 4210 429 4266 ortae
449 4197 525 4265 lites
544 4197 634 4266 inter
653 4199 887 4265 Domenecum
902 4206 938 4263 et
960 4217 1110 4264 sororem
1138 4195 1353 4284 Angelicam,
1377 4195 1459 4264 inde

289 4513 299 4545 ¹
336 4509 403 4564 Fol.
419 4505 455 4561 68
468 4513 562 4563 totum
575 4521 701 4560 vacuum
714 4502 849 4559 relictum
862 4510 919 4558 est.
1309 4559 1316 4572 .

286 4603 299 4636 ¹
337 4597 498 4652 nEtctttt...
518 4611 602 4668 prov.
620 4592 658 4648 de
676 4592 848 4648 Alicante...
866 4590 994 4648 didcesis
1015 4590 1052 4647 de
1075 4589 1250 4650 Orihuela...
1269 4610 1307 4648 en
1329 4595 1356 4650 la
1378 4601 1460 4650 costa

231 4689 282 4746 del
296 4686 543 4744 Mediterrdneo.»
556 4683 685 4755 Manoz,
699 4683 785 4739 Dice.
801 4699 913 4758 geogr.
