3634 5396
573 485 714 543 Saeuum
733 499 902 544 voruunus
921 500 1100 544 conctusro
1396 487 1453 559 (ης

221 637 329 706 fuisse
344 658 445 705 suurn
462 631 680 721 desiderium,
700 640 792 724 quod
808 640 851 705 ad
866 639 1014 724 priorem
1032 652 1162 726 partem
1184 640 1363 724 attinebat,
1381 640 1450 707 sci·-

222 763 314 844 licet,
334 773 372 829 ut
386 763 568 849 episcopus
583 763 771 850 petinensis
786 785 807 829 a
822 785 960 833 caesare
980 765 1023 830 ad
1042 775 1252 834 conventum
1269 766 1451 851 theologo-

224 911 299 955 rum
316 887 575 971 adscisceretur3
590 890 748 974 ideoque,
763 888 807 954 ad
819 888 945 955 calcem
958 888 1122 974 epistolae
1139 900 1208 956 tam
1220 890 1346 956 laetum
1358 910 1450 955 nun-

225 1011 309 1077 tium
326 1012 490 1092 scribens,
508 1014 593 1079 haec
608 1014 652 1082 de
672 1014 777 1082 altera
796 1034 834 1081 re
849 1011 914 1078 sibi
930 1011 1031 1079 etiarn
1054 1011 1263 1098 optatissima
1279 1012 1449 1097 adjunge-

223 1137 294 1203 bat:
312 1139 438 1205 «Come
450 1139 588 1223 dunque
600 1137 634 1205 io
646 1141 691 1203 m’
705 1139 824 1225 alegro
834 1137 868 1203 di
881 1137 934 1205 cib
947 1158 1014 1204 con
1026 1139 1058 1204 le
1069 1139 1132 1208 SS.
1148 1138 1225 1205 VV.
1240 1137 1290 1203 lll.
1300 1147 1359 1216 ¹¹²⁶,
1377 1137 1449 1203 cosi

222 1262 255 1330 le
270 1263 401 1349 suplico
417 1265 461 1330 da
477 1285 569 1331 nouo
584 1267 661 1344 che,
679 1263 839 1330 accioche
855 1263 962 1329 siamo
977 1263 1013 1329 in
1030 1264 1142 1332 sicuro
1154 1263 1188 1328 di
1200 1274 1298 1350 poter
1309 1263 1451 1331 intiera-

222 1397 336 1455 mente
351 1388 529 1474 alegrarci‚
548 1389 594 1454 mi
610 1388 743 1455 saccino
760 1388 857 1456 uenir
876 1389 934 1474 qui
955 1389 980 1454 il
1001 1400 1095 1456 tanto
1115 1391 1159 1457 da
1180 1410 1235 1455 me
1254 1387 1450 1457 desiderato

223 1512 333 1580 Padre
349 1513 482 1593 Natale,
501 1515 626 1599 perche
641 1535 706 1580 con
724 1523 776 1581 tre
791 1512 864 1580 uoti
884 1516 965 1580 ch'o
986 1513 1148 1600 dissegno
1168 1516 1295 1580 hauere
1316 1511 1449 1580 unifor-

222 1649 391 1704 memente
407 1637 673 1721 catholicissimi,
692 1660 761 1704 non
776 1641 849 1705 solo
864 1641 1043 1726 preualerb
1058 1639 1141 1726 ogni
1156 1659 1298 1707 erronea
1313 1637 1449 1723 opinio-

222 1782 277 1841 ne,
296 1763 385 1829 nella
401 1765 500 1846 quale
514 1764 754 1832 accordassero
770 1765 818 1850 gl'
832 1765 909 1831 altri
925 1764 993 1846 doi,
1012 1786 1120 1831 maso
1136 1774 1230 1831 certo
1242 1763 1318 1830 chel
1331 1762 1450 1831 Seldio

222 1891 389 1954 conuerra
405 1887 544 1957 referire
560 1911 581 1954 a
596 1889 666 1957 Sua
683 1889 830 1958 Cesarea
852 1891 983 1958 Maesta
1003 1893 1068 1958 che
1087 1889 1122 1955 in
1138 1909 1218 1955 cose
1239 1885 1447 1972 theologice,

221 2009 244 2076 li
260 2012 370 2096 pareri
382 2014 438 2080 del
450 2013 605 2099 Staphilo
618 2035 687 2080 non
698 2036 784 2082 sonu
795 2036 941 2101 sempre,
956 2037 1101 2101 sempre,
1116 2013 1291 2083 securi...»
1307 2014 1350 2079 Et
1362 2014 1448 2078 haec

221 2131 357 2237 quidem
370 2135 496 2222 scripta
504 2137 645 2206 fuerunt
657 2135 713 2206 die
721 2137 936 2205 undecimaF
938 2137 1096 2206 ebruarii.
1112 2136 1228 2205 Tertio
1243 2147 1358 2203 autem
1371 2145 1447 2220 post

220 2260 304 2326 haec
320 2259 387 2340 die,
404 2260 535 2330 scilicet
550 2261 682 2330 decima
698 2274 819 2349 quarta
831 2263 983 2350 ejusdem
1000 2262 1138 2342 mensis,
1157 2261 1312 2348 gaudens
1326 2259 1447 2327 iisdem

217 2383 430 2468 praesidibus
445 2387 580 2453 concilii
595 2389 780 2454 adventum
797 2387 925 2455 laudati
942 2389 1053 2455 Patris
1069 2387 1163 2454 hisce
1178 2385 1292 2452 verbis
1308 2383 1448 2451 nuntia-

218 2507 289 2574 bat:
303 2512 467 2577 «essendo
479 2511 538 2597 qui
549 2533 726 2598 comparso
739 2513 817 2598 quel
831 2514 941 2580 Padre
953 2513 1075 2580 Natale
1083 2511 1210 2597 jesuita
1222 2511 1266 2576 da
1281 2531 1336 2577 me
1351 2518 1448 2576 tanto

220 2634 423 2718 desiderato,
440 2638 617 2705 attendero
632 2657 698 2704 con
714 2647 809 2705 tanto
823 2636 884 2723 piu
900 2637 1012 2704 animo
1028 2657 1221 2723 aprocurar
1234 2645 1322 2702 tutto
1334 2634 1447 2720 quello

220 2760 285 2825 che
299 2761 376 2826 sara
391 2757 569 2844 possibile»
589 2760 689 2848 (219).

286 2880 418 2950 Natalis
429 2892 556 2964 autern,
572 2882 803 2971 Oenipontem
820 2883 1019 2965 adveniens,
1033 2883 1236 2972 gravissima
1251 2880 1317 2950 sibi
1335 2902 1446 2968 nego-

218 3006 266 3074 tia
280 3006 461 3073 commissa
476 3006 762 3090 animadvertens,
777 3007 889 3076 noluit
903 3029 940 3076 se
956 3010 1066 3076 solum
1082 3007 1119 3074 in
1135 3018 1204 3074 tam
1220 3005 1444 3092 procellosum

216 3151 310 3199 mare
325 3131 548 3200 committere.
568 3132 625 3198 Ad
646 3153 747 3199 suum
768 3132 999 3222 praepositum
1021 3131 1190 3213 Lainium,
1210 3129 1393 3198 tridentino
1409 3128 1445 3195 in

216 3255 360 3324 coneilio
384 3255 635 3341 quantumlibet
660 3257 778 3324 arduis
798 3257 1080 3346 occupationibus
1100 3256 1303 3337 distentum,
1326 3255 1446 3322 oculos

215 3380 329 3448 statim
346 3380 527 3462 convertit,
545 3381 686 3448 ductum
702 3382 790 3468 ejus,
807 3383 964 3466 consilia,
987 3403 1105 3470 preces
1126 3381 1230 3448 totius
1250 3377 1441 3458 Societatis,

215 3505 281 3574 sibi
297 3505 488 3574 necessaria
505 3505 717 3594 intelligens,
740 3531 781 3578 ea
800 3509 914 3576 omnia
936 3509 1036 3576 enixe
1051 3507 1227 3595 efflagitat,
1254 3515 1349 3571 uter
1375 3507 1445 3571 Po-

216 3631 306 3698 lanci
323 3629 506 3717 responsis,
525 3630 588 3717 ipsi
604 3652 647 3699 ex
667 3632 904 3701 commissione
920 3632 1032 3701 Patris
1047 3631 1173 3699 Lainez
1188 3629 1289 3710 datis,
1313 3627 1445 3696 eruitur

218 3759 308 3846 (213,
332 3774 409 3838 214,
430 3757 518 3842 215).
544 3758 632 3824 Cum
653 3768 767 3825 autern
789 3756 824 3823 in
845 3756 996 3824 articulis
1016 3778 1037 3822 a
1057 3754 1226 3841 theologis
1244 3753 1443 3821 examinan-

217 3881 270 3949 dis
286 3879 503 3967 quaestiones
518 3882 740 3969 gravissimae
755 3884 799 3950 de
814 3880 970 3962 concilio,
988 3881 1031 3947 de
1050 3889 1221 3966 potestate
1236 3880 1441 3965 legatorum,

215 4008 259 4077 de
273 4005 406 4075 ratione
421 4004 627 4074 reformandi
641 4005 838 4091 pontificem
855 4007 997 4093 ejusque
1013 4005 1155 4086 curiam,
1169 4004 1213 4073 de
1228 4003 1442 4071 communio-

211 4152 256 4198 ne
271 4133 337 4198 sub
354 4141 499 4215 utraque
514 4129 639 4216 specie,
657 4131 701 4200 de
717 4131 879 4218 conjugio
896 4131 1109 4212 clericorum,
1127 4139 1210 4213 ete,
1224 4128 1445 4196 contineren-

210 4264 278 4338 tur,
297 4276 366 4340 quo
381 4253 575 4322 accuratius
590 4265 625 4322 et
640 4256 684 4323 ad
695 4267 846 4325 mentem
857 4256 911 4323 sui
922 4255 1108 4343 praepositi
1123 4277 1221 4324 suam
1237 4253 1441 4329 sententiam

209 4399 399 4467 proponere
418 4390 551 4466 posset,
574 4380 700 4469 scripta
722 4379 834 4448 Patris
854 4380 980 4449 Lainez
1003 4382 1046 4449 de
1068 4381 1162 4448 hisce
1182 4377 1444 4464 quaestionibus

210 4503 276 4572 sibi
292 4503 379 4570 mitti
390 4503 577 4592 postulavit
590 4506 690 4594 (214).
706 4505 834 4574 Canisii
846 4528 982 4593 operam
999 4505 1034 4572 in
1050 4505 1167 4592 primis
1178 4505 1296 4573 utilem
1309 4513 1438 4582 censet,

208 4628 376 4714 illumque
392 4629 588 4718 Oeniponte
608 4651 746 4700 manere
765 4641 874 4713 curat,
892 4631 1001 4700 donec
1017 4640 1086 4699 tam
1108 4629 1227 4718 gravia
1241 4627 1381 4716 negotia
1397 4631 1441 4694 ad
