3504 5386
378 436 432 504 460
806 439 909 494 Earsr.
929 437 964 493 P.
983 435 1186 509 Nauae-334

379 589 550 657 mutareil
565 591 609 656 D.
641 573 854 657 Theodorico
874 591 880 624 ¹
904 589 947 656 de
969 589 1150 658 Monachio
1172 612 1233 677 per
1253 589 1392 677 Dilinga
1410 591 1593 657 mandando

378 704 414 770 in
426 726 490 772 suo
501 706 607 792 luogo
619 705 643 772 il
657 709 696 773 P.
706 704 831 784 Dirsio,
845 703 953 792 hoggi
965 703 1018 793 [si]
1031 708 1075 772 ha
1087 704 1206 772 scritto
1217 708 1281 772 che
1293 727 1363 772 non
1371 727 1452 792 pare
1464 727 1484 772 a
1495 707 1537 772 N.
1552 708 1587 772 P.

379 832 414 888 et
428 841 498 887 non
513 821 617 887 credo
632 820 791 888 sarrebbe
806 819 936 906 piccola
949 819 1135 888 tentatione
1151 842 1212 907 per
1226 820 1330 906 quelli
1346 819 1524 888 consiliarii
1542 825 1591 892 del

377 936 466 1003 duca
481 939 546 1005 che
561 947 713 1024 tengono
729 935 765 1003 in
780 957 866 1022 gran
883 946 985 1002 conto
1000 935 1026 1004 il
1041 939 1171 1003 rettor'.
1189 939 1262 1004 Ben
1283 936 1312 1002 si
1330 937 1417 1005 uede
1440 939 1520 1023 perd
1534 941 1591 1008 che

377 1054 397 1118 e
414 1051 603 1118 necessario
623 1063 739 1118 trouar
759 1073 806 1117 un
826 1072 911 1138 capo
933 1073 993 1136 per
1008 1049 1160 1138 Dilinga‚
1183 1052 1328 1120 essendo
1349 1052 1382 1118 la
1407 1052 1591 1139 prouisione

377 1169 442 1235 che
456 1170 501 1236 ha
518 1168 601 1234 satta
613 1168 656 1234 V.
676 1169 716 1234 R.
736 1167 856 1234 adesso
872 1167 918 1232 ad
933 1172 1074 1253 tempus.

446 1303 477 1367 3.
526 1283 617 1368 Quel
633 1285 676 1349 D.
701 1283 859 1348 Emundo
875 1282 919 1348 de
934 1283 1052 1367 Ispruc
1072 1283 1116 1348 ha
1137 1282 1203 1348 ben
1223 1281 1255 1350 le
1275 1281 1362 1368 parti
1382 1282 1591 1352 conuenienti

377 1419 437 1484 per
452 1399 531 1483 quel
547 1399 678 1479 effetto;
698 1419 765 1478 ma,
788 1397 874 1464 oltra
890 1396 923 1462 di
941 1417 1034 1465 esser
1049 1418 1152 1478 nouo,
1171 1400 1215 1464 ha
1236 1396 1439 1464 cominciato
1455 1421 1474 1464 a
1488 1399 1593 1484 piacet

378 1514 483 1580 molto
498 1513 533 1578 in
556 1515 685 1600 Ispruc,
704 1524 738 1581 et
754 1534 823 1580 non
850 1534 932 1598 pare
947 1513 975 1578 si
992 1533 1137 1598 possano
1165 1513 1263 1599 patir’
1294 1497 1388 1582 tante
1410 1514 1589 1595 mutatioui;

378 1651 433 1696 ma
448 1630 502 1696 col
518 1639 632 1714 tempo
648 1649 686 1695 se
701 1633 799 1714 potra
814 1629 881 1694 ben
898 1628 949 1694 lar
964 1627 1109 1715 disegno
1125 1649 1225 1714 sopra
1240 1629 1275 1694 di
1290 1627 1338 1694 lui
1354 1651 1414 1716 per
1426 1629 1506 1716 ogni
1520 1651 1590 1696 cosa

377 1744 420 1810 de
447 1744 666 1830 importanza.
697 1742 819 1810 Faccia
847 1745 890 1808 V.
917 1744 957 1810 R.
981 1764 1079 1809 como
1099 1743 1226 1830 meglio
1247 1743 1416 1830 liparera.
1439 1744 1504 1812 Gia
1521 1744 1587 1812 seli

377 1860 471 1928 dette
491 1858 588 1925 auiso
608 1858 652 1926 de
678 1859 746 1924 don
762 1857 876 1944 Luygi
897 1859 923 1940 ²,
947 1868 981 1926 et
1002 1858 1034 1924 io
1051 1879 1178 1924 ancora
1198 1857 1268 1949 [ho]
1287 1859 1418 1944 parlato
1439 1881 1533 1946 sopra
1546 1859 1587 1925 lui

378 1976 410 2044 al
430 1974 611 2054 cardinale,
640 1985 675 2042 et
701 1977 809 2041 anche
825 1975 853 2040 si
880 1975 974 2043 dette
1001 1973 1096 2040 auiso
1116 1975 1171 2042 del
1199 1977 1239 2041 P.
1270 1975 1401 2044 Urtado
1428 1977 1453 2056 ³,
1470 1974 1493 2040 il
1518 1975 1587 2059 qual

378 2092 515 2176 quando
530 2090 666 2158 hauessi
681 2091 761 2156 dato
777 2112 846 2156 una
864 2089 983 2156 uistaa
998 2089 1158 2170 Casouia,
1176 2099 1210 2155 et
1226 2089 1365 2156 lasciato
1381 2092 1522 2174 qualche
1540 2111 1587 2156 or-

378 2205 470 2287 dine,
487 2215 713 2291 presupposto
729 2208 793 2272 che
805 2227 874 2271 non
890 2203 1019 2272 sidone
1035 2205 1187 2272 confinar
1202 2205 1235 2272 la
1254 2227 1315 2291 per
1335 2216 1426 2274 stare
1446 2205 1508 2272 alla
1523 2207 1587 2272 lon-

378 2343 436 2408 ga,
454 2321 619 2407 potrebbe
636 2321 724 2386 forse
740 2319 864 2388 leuarsi
881 2320 969 2385 della
985 2319 1162 2405 prouincia
1178 2320 1222 2385 de
1234 2320 1387 2401 Austria,
1401 2331 1436 2388 et
1448 2320 1587 2406 agiutare

378 2435 402 2502 il
429 2436 573 2521 collegio
600 2436 644 2502 de
664 2434 815 2521 Dilinga3
845 2446 880 2500 et
906 2435 992 2501 altro
1008 2434 1042 2500 di
1068 2457 1136 2520 qua
1159 2457 1228 2501 non
1254 2455 1394 2502 occurre
1420 2435 1545 2502 auisare
1559 2432 1588 2498 in

378 2561 500 2636 questo
516 2571 607 2617 caso.

444 2685 477 2749 4.
525 2669 579 2733 De
606 2665 740 2734 Vienna
766 2664 923 2732 habiamo
947 2665 1134 2740 auisoche
1157 2667 1266 2732 anche
1285 2663 1309 2730 il
1331 2685 1350 2748 3
1371 2661 1542 2732 coadiutor
1555 2683 1587 2730 se

378 2783 488 2848 amalo
504 2783 529 2864 ⁴,
559 2793 594 2848 et
623 2803 707 2866 pure
729 2783 793 2848 che
816 2801 874 2845 era
901 2791 1056 2866 campato
1080 2780 1153 2846 cola
1177 2779 1287 2865 gratia
1312 2778 1441 2860 diuina,
1471 2790 1504 2845 et
1518 2797 1588 2864 parc

379 2898 482 2964 fanno
497 2908 598 2964 conto
614 2897 657 2964 de
669 2895 871 2962 cominciare
883 2915 982 2960 corso
994 2916 1100 2974 nou0,
1113 2904 1147 2961 et
1160 2893 1195 2958 in
1207 2894 1320 2978 quello
1332 2895 1500 2962 uoleuano
1511 2905 1587 2958 met·

379 3023 450 3082 tere
466 3013 489 3078 il
511 3017 557 3098 P,
578 3014 664 3098 Spes
686 3014 711 3093 ⁵3
734 3011 782 3076 lui
811 3012 891 3096 perd
918 3013 937 3076 ἑ
964 3009 1052 3076 assai
1076 3031 1197 3077 auerso
1216 3009 1251 3074 di
1273 3020 1395 3094 questo
1416 3008 1527 3076 studio
1551 3007 1587 3073 de

378 3129 559 3208 summule,
576 3138 611 3194 et
627 3127 788 3195 inclinato
804 3149 824 3192 a
844 3126 917 3192 odir
933 3126 965 3192 la
982 3125 1166 3210 theologia,
1185 3135 1219 3193 et
1235 3148 1256 3191 a
1270 3127 1314 3192 N.
1334 3127 1374 3190 P.
1393 3146 1462 3191 non
1482 3124 1589 3210 lipare

377 3244 465 3311 male
481 3243 601 3310 lasciar
616 3242 717 3330 gliela
734 3241 841 3322 udire,
861 3252 895 3310 et
908 3264 943 3308 se
956 3245 1054 3328 potra
1065 3243 1173 3306 anche
1186 3240 1351 3327 agiutersi
1364 3241 1507 3325 qualche
1518 3257 1588 3306 cosa

378 3359 466 3426 nelle
481 3358 557 3439 arti,
576 3361 639 3426 che
655 3360 688 3424 lo
701 3357 806 3424 faccia
817 3357 969 3438 insieme;
985 3357 1109 3442 perche
1121 3377 1190 3421 non
1202 3355 1231 3422 si
1245 3356 1277 3422 fa
1289 3366 1392 3422 conto
1404 3358 1468 3422 che
1479 3350 1587 3420 debbia

378 3493 492 3542 essere
508 3476 614 3540 molto
632 3475 774 3539 fundato
789 3473 879 3540 nelle
895 3470 1047 3551 scientie,
1066 3481 1101 3538 et
1115 3491 1176 3556 per
1190 3472 1298 3538 bauer
1315 3492 1382 3536 una
1398 3465 1586 3537 sufficientia

378 3611 437 3676 per
450 3589 473 3654 il
488 3589 663 3674 predicare
679 3611 724 3654 un
741 3608 827 3674 poco
843 3599 876 3654 et
900 3587 1105 3666 confessare,
1129 3607 1198 3652 non
1218 3588 1311 3652 serra
1337 3582 1585 3654 inconueniente

377 3704 530 3772 lasciarle
545 3703 675 3771 studiar
691 3724 787 3771 come
802 3702 850 3768 lui
866 3703 1031 3770 desidera.

445 3835 476 3903 5.
525 3821 590 3886 Del
604 3839 765 3905 procurar
781 3817 804 3883 li
821 3817 910 3886 Sotti
925 3819 957 3882 al
973 3815 1050 3882 finit
1067 3817 1121 3883 del
1137 3815 1281 3882 concilio
1296 3827 1331 3884 et
1346 3815 1369 3881 li
1382 3812 1548 3891 Valdcnsi,
1561 3809 1586 3874 si

378 3936 450 4002 fara
465 3934 643 4020 diligentia
658 3937 682 3998 ⁶.

434 4116 440 4147 ¹
479 4111 515 4164 Ρ.
532 4109 731 4165 Theodericus
749 4107 901 4163 Canisius.

430 4205 442 4236 ²
479 4201 515 4254 Ρ.
538 4199 704 4254 Ludovicus
722 4199 759 4253 de
778 4197 935 4266 Mendoza,
952 4196 990 4251 de
1013 4211 1070 4268 quo
1088 4196 1206 4267 saepius
1227 4195 1338 4252 dictum
1361 4204 1407 4253 est
1429 4196 1460 4252 in
1476 4195 1519 4251 his
1537 4192 1589 4265 epi·

378 4289 475 4344 stolis.

431 4381 441 4412 ³
479 4379 513 4432 P.
533 4377 682 4432 Hurtadus
696 4377 802 4430 Perez.

430 4471 441 4502 ⁴
479 4467 554 4521 Vide
568 4468 658 4538 epist.
675 4464 774 4520 32311.
792 4463 818 4532 33
833 4462 897 4533 325,
911 4481 944 4518 n.
960 4463 988 4530 63
1004 4469 1034 4516 et
1048 4459 1113 4531 327.

430 4559 442 4592 ⁵
479 4555 602 4612 Michadl
617 4555 703 4626 Spes.
722 4553 798 4608 Vide
811 4552 955 4624 append,
969 4552 996 4606 1.

430 4649 442 4681 ⁸
479 4645 575 4718 Opera
589 4644 702 4700 scilicet
715 4641 861 4698 Dominici
875 4641 912 4696 de
925 4640 1008 4710 Soto,
1021 4639 1058 4698 Ο.
1074 4640 1126 4708 Ρ.,
1140 4648 1170 4694 et
1182 4639 1312 4696 Thomae
1326 4639 1489 4697 Valdcnsis.
