3634 5396
372 492 430 548 680
841 495 949 551 Errsm
972 494 1010 550 Ρ.
1032 493 1146 549 Naoau

374 653 531 730 optatum
548 645 677 714 exiuun
694 646 925 732 perducantur
940 647 1040 734 (214).
1065 645 1270 716 litterarum
1286 665 1422 730 quoque
1442 644 1608 730 trequen-

375 767 462 837 tium
475 771 665 839 subsidium
678 770 742 838 sibi
759 770 988 870 necessarium
1002 769 1186 850 existimat,
1197 789 1325 854 easque
1340 768 1478 838 nomine
1493 769 1607 840 Lainii

377 897 559 979 pollicetur
577 897 748 962 Polancus
764 895 863 982 (215).

444 1025 487 1090 Et
502 1025 565 1088 hos
581 1019 718 1107 quidem
736 1019 865 1087 Natalis
882 1020 1016 1088 labores
1033 1018 1118 1088 tanti
1133 1018 1297 1088 momenti
1317 1041 1378 1104 pro
1399 1020 1491 1086 bono
1506 1041 1606 1090 com-

376 1147 473 1215 muni
488 1145 658 1214 existimat
674 1145 812 1226 Lainez,
831 1155 869 1212 ut
888 1145 1111 1231 collegiorum
1131 1144 1335 1212 Germaniae
1356 1144 1604 1231 inspectionem

375 1271 598 1340 differendam
611 1279 761 1350 censeat,
776 1270 889 1355 quoad
904 1290 958 1336 res
974 1268 1168 1354 Oeniponte
1180 1278 1403 1354 pertractatae
1414 1268 1489 1354 ejus
1504 1289 1605 1356 prae·

374 1393 520 1464 sentiam
534 1395 707 1480 postulare
719 1393 898 1461 videantur
910 1395 1009 1480 (220).
1023 1395 1201 1479 Quantum
1213 1403 1327 1462 autem
1340 1392 1412 1478 spei
1424 1405 1606 1478 reponeret

377 1519 519 1586 nuntius
535 1519 570 1585 in
586 1518 717 1586 Natalis
729 1518 890 1598 consiliis,
905 1520 997 1588 clare
1011 1517 1119 1603 liquet
1129 1540 1172 1586 ex
1184 1517 1237 1599 iis,
1252 1540 1340 1603 quae
1352 1518 1387 1584 in
1403 1517 1546 1604 epistola
1561 1520 1606 1584 ad

377 1644 550 1732 praesides
561 1643 683 1729 synodi
692 1643 746 1709 die
760 1661 802 1710 2ο
815 1641 990 1711 Februarii
998 1643 1076 1709 data
1089 1644 1273 1712 asserebat:
1287 1663 1419 1728 «neque
1428 1642 1605 1712 Canisium

377 1789 491 1854 neque
514 1768 711 1854 episcopum
739 1767 948 1854 petinensem
968 1765 1154 1852 quidquam
1173 1767 1209 1834 in
1229 1787 1416 1854 congressu
1437 1767 1603 1846 dicturos,

375 1893 470 1976 quod
485 1903 520 1960 et
534 1914 556 1958 a
572 1895 611 1958 P.
630 1892 743 1958 Natali
759 1903 793 1960 et
809 1915 829 1957 a
844 1891 956 1977 seipso
972 1891 1065 1977 prius
1086 1914 1155 1959 non
1171 1893 1435 1978 approbaretur»
1454 1895 1555 1980 (219).

444 2019 570 2086 Rerum
588 2039 607 2083 a
621 2016 780 2084 Patribus
792 2015 905 2084 Natali
917 2027 952 2083 et
964 2015 1103 2084 Canisio
1115 2016 1310 2102 Oeniponte
1325 2031 1498 2103 gestarum
1511 2018 1604 2086 fama

377 2143 519 2208 Romam
535 2143 664 2228 perlata
676 2163 852 2207 romanum
864 2141 1059 2227 pontificem
1072 2141 1215 2226 ejusque
1226 2141 1354 2208 curiam
1367 2163 1500 2208 summo
1512 2164 1604 2229 gau-

374 2266 433 2333 dio
453 2266 653 2345 cumulavit,
679 2277 779 2352 prout
795 2277 941 2332 testatur
964 2266 1146 2345 Polancus‚
1165 2265 1302 2333 nomine
1320 2265 1427 2334 bainii
1448 2265 1605 2334 scribens

376 2403 450 2456 tum
467 2392 510 2457 ad
525 2389 639 2458 socios
661 2393 788 2458 Rornae
808 2401 1074 2472 commorantes,
1096 2401 1169 2458 tum
1190 2391 1233 2458 ad
1255 2391 1296 2458 P.
1320 2390 1532 2458 Ludovicum
1553 2391 1603 2456 du

373 2515 552 2601 Coudrey,
575 2527 611 2581 et
631 2515 732 2582 simul
751 2515 902 2583 referens
924 2513 1233 2582 dissertationema
1254 2515 1383 2594 Natali,
1406 2516 1604 2600 postulante

375 2639 524 2720 Dolfino,
543 2641 768 2721 lucubratam,
786 2639 904 2724 inqua
921 2639 1010 2706 ultra
1029 2637 1207 2724 octoginta
1222 2639 1445 2707 auctoritates
1459 2661 1521 2710 seu
1544 2661 1603 2706 ar-

374 2777 541 2849 gumenta
552 2763 727 2850 congessit
742 2764 786 2830 ad
798 2762 1096 2829 demonstrandam
1109 2764 1198 2828 hane
1215 2761 1348 2844 thesim,
1362 2764 1454 2848 quod
1470 2762 1601 2832 scilicet

372 2909 461 2974 papa
476 2888 520 2955 sit
536 2899 653 2974 pastor
669 2887 868 2956 universalis
883 2886 1060 2956 ecclesiae.
1079 2887 1130 2954 Ex
1147 2889 1211 2954 hoc
1227 2897 1342 2956 autem
1356 2898 1504 2957 tractatu
1519 2889 1601 2957 Sta·

375 3013 515 3097 phylum
531 3012 684 3096 aliosque
698 3013 817 3080 eodem
838 3031 879 3076 ac
899 3010 954 3078 ille
975 3010 1061 3095 pede
1081 3009 1311 3080 claudicantes
1331 3021 1463 3078 tantum
1485 3011 1604 3097 profe-

371 3135 474 3216 cisse,
494 3146 531 3202 ut
546 3135 611 3202 illis
628 3135 697 3202 vita
717 3135 968 3221 quodammodo
989 3133 1121 3202 reddita
1141 3133 1255 3214 fuerit,
1273 3135 1408 3222 scripsit
1424 3135 1514 3205 idern
1533 3137 1606 3202 Po-

377 3261 496 3328 lancus
512 3265 601 3346 (223,
620 3279 697 3344 224,
718 3262 795 3340 228,
814 3261 903 3346 236).

444 3385 634 3452 Postulavit
650 3385 789 3471 insuper
805 3385 964 3453 Dolfinus
980 3408 1000 3451 a
1022 3388 1061 3452 P.
1081 3385 1207 3466 Natali,
1226 3397 1264 3454 ut
1285 3385 1480 3454 efficacibus
1496 3406 1604 3474 argu-

374 3509 500 3579 mentis
517 3509 646 3578 caesari
662 3510 867 3595 persuadere
883 3519 1077 3591 conaretur,
1092 3533 1137 3579 ne
1152 3509 1424 3580 reformationem
1437 3509 1605 3580 ecclesiae

375 3634 411 3700 in
427 3634 537 3720 capite
554 3657 574 3701 a
589 3633 733 3700 concilio
749 3646 864 3720 petere
876 3644 1072 3714 attentaret,
1086 3635 1178 3720 quod
1190 3633 1326 3720 quidem
1342 3633 1441 3700 solita
1452 3633 1597 3720 diligen-

375 3759 424 3826 tia
438 3779 479 3826 ac
494 3759 609 3826 studio
625 3758 682 3828 ille
697 3757 877 3844 praestitit,
893 3779 956 3825 nec
972 3758 1047 3825 sine
1061 3759 1186 3841 fructu;
1202 3779 1293 3842 nam,
1308 3769 1409 3844 prout
1419 3757 1603 3846 episcopus

375 3882 743 3968 quinqueecclesiensis
764 3882 928 3951 Tridento
948 3883 1076 3965 retulit,
1095 3882 1277 3969 imperator
1297 3883 1409 3951 Natali
1430 3885 1604 3970 postulata

373 4028 439 4076 sua
454 4029 667 4093 summopere
689 4009 864 4076 moderata
879 4018 915 4073 et
930 4029 1015 4094 erga
1034 4008 1149 4076 sedem
1171 4006 1390 4094 apostolicam
1410 4009 1606 4078 reverentia

373 4131 491 4201 debita
505 4142 540 4199 et
557 4132 773 4200 observantia
789 4133 889 4218 plena
905 4135 1021 4200 futura
1036 4153 1114 4201 esse
1129 4131 1336 4200 asseveravit
1352 4133 1539 4219 (222-224).

444 4253 759 4324 Animadvertenda
773 4269 826 4322 est
846 4255 949 4324 etiam
970 4254 1152 4340 prudentia
1174 4255 1264 4324 illius
1287 4255 1351 4321 viri
1372 4255 1407 4320 in
1426 4255 1497 4322 suis
1517 4275 1606 4323 con-

371 4379 549 4464 gressibus
564 4401 643 4448 eum
660 4380 874 4466 imperatore:
893 4379 929 4446 in
948 4379 989 4446 iis
1005 4379 1097 4446 enim
1118 4380 1227 4446 noluit
1245 4379 1356 4447 Patris
1372 4378 1498 4447 Lainez
1518 4401 1609 4466 apo-

373 4504 500 4591 logiam
515 4506 558 4574 de
576 4526 639 4572 usu
661 4505 774 4572 calicis
794 4525 1076 4586 commemorare,
1100 4504 1225 4592 quippe
1245 4503 1304 4590 qui
1325 4504 1429 4590 probe
1444 4519 1604 4586 noverat,

370 4649 541 4712 quaenam
557 4640 647 4698 esset
663 4627 810 4696 caesaris
826 4641 861 4698 et
877 4630 1104 4715 quorumdam
1120 4649 1298 4716 procerum
1314 4649 1411 4696 mens
1422 4626 1458 4692 in
1470 4627 1536 4696 hac
1549 4649 1608 4698 re.
