<?xml version="1.0" encoding="UTF-8"?>
<!DOCTYPE html PUBLIC "-//W3C//DTD XHTML 1.0 Transitional//EN"
    "http://www.w3.org/TR/xhtml1/DTD/xhtml1-transitional.dtd">
<html xmlns="http://www.w3.org/1999/xhtml" xml:lang="en" lang="en">
 <head>
  <title>
</title>
<meta http-equiv="Content-Type" content="text/html;charset=utf-8" />
  <meta name='ocr-system' content='tesseract 3.04.00' />
  <meta name='ocr-capabilities' content='ocr_page ocr_carea ocr_par ocr_line ocrx_word'/>
</head>
<body>
  <div class='ocr_page' id='page_1' title='image "./epistolaephiero00nadagoog_0154.png"; bbox 0 0 3604 5380; ppageno 0'>
   <div class='ocr_carea' id='block_1_1' title="bbox 616 433 1420 507">
    <p class='ocr_par' dir='ltr' id='par_1_1' title="bbox 616 433 1420 507">
     <span class='ocr_line' id='line_1_1' title="bbox 616 433 1420 507; baseline 0.01 -22"><span class='ocrx_word' id='word_1_1' title='bbox 616 477 621 485; x_wconf 92' lang='lat'><em>.</em></span> <span class='ocrx_word' id='word_1_2' title='bbox 647 435 666 489; x_wconf 82' lang='lat'>6</span> <span class='ocrx_word' id='word_1_3' title='bbox 684 433 871 492; x_wconf 79' lang='lat' dir='ltr'>Novmrns</span> <span class='ocrx_word' id='word_1_4' title='bbox 892 437 960 504; x_wconf 82' lang='lat'>1562</span> <span class='ocrx_word' id='word_1_5' title='bbox 1369 449 1420 507; x_wconf 82' lang='lat'>¹27</span> 
     </span>
    </p>
   </div>
   <div class='ocr_carea' id='block_1_2' title="bbox 172 584 1424 1235">
    <p class='ocr_par' dir='ltr' id='par_1_2' title="bbox 172 584 1421 904">
     <span class='ocr_line' id='line_1_2' title="bbox 172 584 1416 676; baseline 0.003 -20"><span class='ocrx_word' id='word_1_6' title='bbox 172 589 296 656; x_wconf 89' lang='lat' dir='ltr'>Dizen</span> <span class='ocrx_word' id='word_1_7' title='bbox 313 589 461 676; x_wconf 87' lang='lat' dir='ltr'>algunos</span> <span class='ocrx_word' id='word_1_8' title='bbox 473 609 541 673; x_wconf 89' lang='lat' dir='ltr'>que</span> <span class='ocrx_word' id='word_1_9' title='bbox 556 609 595 656; x_wconf 89' lang='lat' dir='ltr'>se</span> <span class='ocrx_word' id='word_1_10' title='bbox 609 584 759 656; x_wconf 76' lang='lat' dir='ltr'>differira</span> <span class='ocrx_word' id='word_1_11' title='bbox 773 588 806 654; x_wconf 89' lang='lat' dir='ltr'>la</span> <span class='ocrx_word' id='word_1_12' title='bbox 820 586 952 656; x_wconf 84' lang='lat' dir='ltr'>session</span> <span class='ocrx_word' id='word_1_13' title='bbox 963 609 1026 674; x_wconf 90' lang='lat' dir='ltr'>por</span> <span class='ocrx_word' id='word_1_14' title='bbox 1037 598 1194 674; x_wconf 87' lang='lat' dir='ltr'>respecto</span> <span class='ocrx_word' id='word_1_15' title='bbox 1206 589 1314 656; x_wconf 88' lang='lat' dir='ltr'>delos</span> <span class='ocrx_word' id='word_1_16' title='bbox 1327 589 1416 661; x_wconf 80' lang='lat' dir='ltr'>tran-</span> 
     </span>
     <span class='ocr_line' id='line_1_3' title="bbox 174 702 1421 790; baseline 0 -18"><span class='ocrx_word' id='word_1_17' title='bbox 174 725 298 784; x_wconf 88' lang='lat' dir='ltr'>ceses,</span> <span class='ocrx_word' id='word_1_18' title='bbox 316 723 384 790; x_wconf 90' lang='lat' dir='ltr'>que</span> <span class='ocrx_word' id='word_1_19' title='bbox 399 703 502 772; x_wconf 88' lang='lat' dir='ltr'>dizen</span> <span class='ocrx_word' id='word_1_20' title='bbox 517 725 557 771; x_wconf 86' lang='lat' dir='ltr'>se</span> <span class='ocrx_word' id='word_1_21' title='bbox 571 721 728 784; x_wconf 91' lang='lat' dir='ltr'>acercan;</span> <span class='ocrx_word' id='word_1_22' title='bbox 742 723 825 789; x_wconf 88' lang='lat' dir='ltr'>pero</span> <span class='ocrx_word' id='word_1_23' title='bbox 838 723 883 770; x_wconf 92' lang='lat' dir='ltr'>no</span> <span class='ocrx_word' id='word_1_24' title='bbox 895 724 940 788; x_wconf 90' lang='lat' dir='ltr'>ay</span> <span class='ocrx_word' id='word_1_25' title='bbox 951 723 1032 770; x_wconf 87' lang='lat' dir='ltr'>cosa</span> <span class='ocrx_word' id='word_1_26' title='bbox 1043 702 1161 771; x_wconf 86' lang='lat' dir='ltr'>cierta.</span> <span class='ocrx_word' id='word_1_27' title='bbox 1175 706 1229 770; x_wconf 83' lang='lat' dir='ltr'>De</span> <span class='ocrx_word' id='word_1_28' title='bbox 1241 705 1421 772; x_wconf 80' lang='lat' dir='ltr'>matrimo-</span> 
     </span>
     <span class='ocr_line' id='line_1_4' title="bbox 183 819 835 904; baseline -0.002 -19"><span class='ocrx_word' id='word_1_29' title='bbox 183 821 250 885; x_wconf 80' lang='lat' dir='ltr'>nio</span> <span class='ocrx_word' id='word_1_30' title='bbox 265 841 312 886; x_wconf 87' lang='lat' dir='ltr'>no</span> <span class='ocrx_word' id='word_1_31' title='bbox 326 839 366 886; x_wconf 86' lang='lat' dir='ltr'>se</span> <span class='ocrx_word' id='word_1_32' title='bbox 379 822 426 885; x_wconf 91' lang='lat' dir='ltr'>ha</span> <span class='ocrx_word' id='word_1_33' title='bbox 441 819 650 904; x_wconf 75' lang='lat' dir='ltr'>comenpado</span> <span class='ocrx_word' id='word_1_34' title='bbox 666 825 687 885; x_wconf 75' lang='lat' dir='ltr'>a</span> <span class='ocrx_word' id='word_1_35' title='bbox 703 828 835 885; x_wconf 90' lang='lat' dir='ltr'>trattar.</span> 
     </span>
    </p>

    <p class='ocr_par' dir='ltr' id='par_1_3' title="bbox 183 931 1424 1235">
     <span class='ocr_line' id='line_1_5' title="bbox 258 931 1424 1019; baseline 0 -17"><span class='ocrx_word' id='word_1_36' title='bbox 258 937 312 1002; x_wconf 91' lang='lat' dir='ltr'>De</span> <span class='ocrx_word' id='word_1_37' title='bbox 330 935 384 1002; x_wconf 88' lang='lat' dir='ltr'>los</span> <span class='ocrx_word' id='word_1_38' title='bbox 403 933 511 1002; x_wconf 91' lang='lat' dir='ltr'>libros</span> <span class='ocrx_word' id='word_1_39' title='bbox 529 933 574 1001; x_wconf 94' lang='lat' dir='ltr'>de</span> <span class='ocrx_word' id='word_1_40' title='bbox 589 931 745 1000; x_wconf 91' lang='lat' dir='ltr'>Louanio</span> <span class='ocrx_word' id='word_1_41' title='bbox 765 955 830 1001; x_wconf 87' lang='lat' dir='ltr'>nos</span> <span class='ocrx_word' id='word_1_42' title='bbox 851 935 917 1002; x_wconf 89' lang='lat' dir='ltr'>han</span> <span class='ocrx_word' id='word_1_43' title='bbox 934 933 1037 1000; x_wconf 90' lang='lat' dir='ltr'>dicho</span> <span class='ocrx_word' id='word_1_44' title='bbox 1060 953 1128 1019; x_wconf 88' lang='lat' dir='ltr'>que</span> <span class='ocrx_word' id='word_1_45' title='bbox 1154 955 1217 1001; x_wconf 91' lang='lat' dir='ltr'>son</span> <span class='ocrx_word' id='word_1_46' title='bbox 1244 934 1424 1006; x_wconf 76' lang='lat' dir='ltr'>uenidosa</span> 
     </span>
     <span class='ocr_line' id='line_1_6' title="bbox 185 1046 1424 1140; baseline 0.003 -24"><span class='ocrx_word' id='word_1_47' title='bbox 185 1051 270 1138; x_wconf 82' lang='lat' dir='ltr'>igni</span> <span class='ocrx_word' id='word_1_48' title='bbox 285 1047 336 1140; x_wconf 88' lang='lat'>[?],</span> <span class='ocrx_word' id='word_1_49' title='bbox 355 1049 505 1132; x_wconf 85' lang='lat' dir='ltr'>4millas</span> <span class='ocrx_word' id='word_1_50' title='bbox 523 1049 567 1114; x_wconf 90' lang='lat' dir='ltr'>de</span> <span class='ocrx_word' id='word_1_51' title='bbox 586 1053 683 1134; x_wconf 84' lang='lat' dir='ltr'>aqui:</span> <span class='ocrx_word' id='word_1_52' title='bbox 708 1046 738 1115; x_wconf 91' lang='lat' dir='ltr'>si</span> <span class='ocrx_word' id='word_1_53' title='bbox 758 1070 796 1118; x_wconf 84' lang='lat' dir='ltr'>se</span> <span class='ocrx_word' id='word_1_54' title='bbox 822 1048 957 1136; x_wconf 88' lang='lat' dir='ltr'>supiese</span> <span class='ocrx_word' id='word_1_55' title='bbox 977 1050 1012 1116; x_wconf 93' lang='lat' dir='ltr'>lo</span> <span class='ocrx_word' id='word_1_56' title='bbox 1034 1048 1152 1130; x_wconf 90' lang='lat' dir='ltr'>cierto‚</span> <span class='ocrx_word' id='word_1_57' title='bbox 1175 1047 1309 1118; x_wconf 77' lang='lat' dir='ltr'>auisare</span> <span class='ocrx_word' id='word_1_58' title='bbox 1326 1060 1424 1120; x_wconf 81' lang='lat' dir='ltr'>antes</span> 
     </span>
     <span class='ocr_line' id='line_1_7' title="bbox 183 1166 1250 1235; baseline -0.006 -3"><span class='ocrx_word' id='word_1_59' title='bbox 183 1167 248 1234; x_wconf 89' lang='lat' dir='ltr'>del</span> <span class='ocrx_word' id='word_1_60' title='bbox 270 1187 385 1235; x_wconf 87' lang='lat' dir='ltr'>cerrar</span> <span class='ocrx_word' id='word_1_61' title='bbox 404 1166 514 1234; x_wconf 87' lang='lat' dir='ltr'>desta.</span> <span class='ocrx_word' id='word_1_62' title='bbox 1247 1175 1250 1182; x_wconf 55' lang='lat'><strong>⁴</strong></span> 
     </span>
    </p>
   </div>
   <div class='ocr_carea' id='block_1_3' title="bbox 724 1397 857 1462">
    <p class='ocr_par' dir='ltr' id='par_1_4' title="bbox 724 1397 857 1462">
     <span class='ocr_line' id='line_1_8' title="bbox 724 1397 857 1462; baseline 0 -2"><span class='ocrx_word' id='word_1_63' title='bbox 724 1447 734 1460; x_wconf 89' lang='lat'><strong>.</strong></span> <span class='ocrx_word' id='word_1_64' title='bbox 767 1397 857 1462; x_wconf 67' lang='lat'>221</span> 
     </span>
    </p>
   </div>
   <div class='ocr_carea' id='block_1_4' title="bbox 445 1516 1182 1832">
    <p class='ocr_par' dir='ltr' id='par_1_5' title="bbox 445 1516 1182 1832">
     <span class='ocr_line' id='line_1_9' title="bbox 445 1516 1182 1586; baseline 0.004 -5"><span class='ocrx_word' id='word_1_65' title='bbox 445 1516 497 1581; x_wconf 90' lang='grc' dir='ltr'>Ρ.</span> <span class='ocrx_word' id='word_1_66' title='bbox 535 1516 946 1585; x_wconf 87' lang='lat' dir='ltr'>HIERONYMUS</span> <span class='ocrx_word' id='word_1_67' title='bbox 973 1517 1182 1586; x_wconf 81' lang='lat' dir='ltr'>NADAL</span> 
     </span>
     <span class='ocr_line' id='line_1_10' title="bbox 589 1645 1037 1705; baseline 0.004 -5"><span class='ocrx_word' id='word_1_68' title='bbox 589 1646 625 1700; x_wconf 89' lang='lat' dir='ltr'>P.</span> <span class='ocrx_word' id='word_1_69' title='bbox 650 1645 870 1705; x_wconf 83' lang='lat' dir='ltr'>LEONARDO</span> <span class='ocrx_word' id='word_1_70' title='bbox 890 1647 1037 1704; x_wconf 82' lang='lat' dir='ltr'>KESSEL</span> 
     </span>
     <span class='ocr_line' id='line_1_11' title="bbox 538 1761 1088 1832; baseline 0 -14"><span class='ocrx_word' id='word_1_71' title='bbox 538 1773 718 1828; x_wconf 66' lang='lat' dir='ltr'>aucuerre,</span> <span class='ocrx_word' id='word_1_72' title='bbox 738 1761 756 1816; x_wconf 87' lang='lat'><strong>6</strong></span> <span class='ocrx_word' id='word_1_73' title='bbox 773 1775 955 1818; x_wconf 72' lang='lat' dir='ltr'>noverimus</span> <span class='ocrx_word' id='word_1_74' title='bbox 976 1764 1044 1832; x_wconf 85' lang='lat'>1562</span> <span class='ocrx_word' id='word_1_75' title='bbox 1065 1766 1088 1818; x_wconf 90' lang='lat'>¹.</span> 
     </span>
    </p>
   </div>
   <div class='ocr_carea' id='block_1_5' title="bbox 128 1878 1431 2130">
    <p class='ocr_par' dir='ltr' id='par_1_6' title="bbox 128 1878 1431 2130">
     <span class='ocr_line' id='line_1_12' title="bbox 191 1878 1430 1951; baseline 0 -17"><span class='ocrx_word' id='word_1_76' title='bbox 191 1894 223 1934; x_wconf 89' lang='lat'>1.</span> <span class='ocrx_word' id='word_1_77' title='bbox 243 1879 292 1934; x_wconf 85' lang='lat' dir='ltr'>Da</span> <span class='ocrx_word' id='word_1_78' title='bbox 309 1895 390 1934; x_wconf 82' lang='lat' dir='ltr'>nova</span> <span class='ocrx_word' id='word_1_79' title='bbox 407 1881 436 1933; x_wconf 87' lang='lat' dir='ltr'>et</span> <span class='ocrx_word' id='word_1_80' title='bbox 453 1878 645 1950; x_wconf 71' lang='lat' dir='ltr'>templatiori</span> <span class='ocrx_word' id='word_1_81' title='bbox 661 1879 792 1934; x_wconf 76' lang='lat' dir='ltr'>editione</span> <span class='ocrx_word' id='word_1_82' title='bbox 808 1895 952 1934; x_wconf 80' lang='lat' dir='ltr'><strong><em>censurae</em></strong></span> <span class='ocrx_word' id='word_1_83' title='bbox 974 1881 1145 1936; x_wconf 79' lang='lat' dir='ltr'><strong><em>catechismi</em></strong></span> <span class='ocrx_word' id='word_1_84' title='bbox 1159 1878 1294 1951; x_wconf 78' lang='lat' dir='ltr'>Joanais</span> <span class='ocrx_word' id='word_1_85' title='bbox 1311 1878 1430 1934; x_wconf 71' lang='lat' dir='ltr'>uane-</span> 
     </span>
     <span class='ocr_line' id='line_1_13' title="bbox 128 1967 1431 2038; baseline 0.002 -17"><span class='ocrx_word' id='word_1_86' title='bbox 128 1967 133 1975; x_wconf 93' lang='lat'>&#39;</span> <span class='ocrx_word' id='word_1_87' title='bbox 254 1969 393 2022; x_wconf 68' lang='lat' dir='ltr'>mii-2.</span> <span class='ocrx_word' id='word_1_88' title='bbox 415 1967 462 2022; x_wconf 87' lang='lat' dir='ltr'>De</span> <span class='ocrx_word' id='word_1_89' title='bbox 479 1967 566 2022; x_wconf 82' lang='lat' dir='ltr'>rebus</span> <span class='ocrx_word' id='word_1_90' title='bbox 581 1967 646 2022; x_wconf 81' lang='lat' dir='ltr'>suis</span> <span class='ocrx_word' id='word_1_91' title='bbox 664 1985 723 2022; x_wconf 81' lang='lat' dir='ltr'>noa</span> <span class='ocrx_word' id='word_1_92' title='bbox 733 2022 736 2026; x_wconf 83' lang='grc'>,</span> <span class='ocrx_word' id='word_1_93' title='bbox 736 1967 807 2038; x_wconf 88' lang='lat' dir='ltr'>jam</span> <span class='ocrx_word' id='word_1_94' title='bbox 824 1970 866 2022; x_wconf 84' lang='lat' dir='ltr'>ad</span> <span class='ocrx_word' id='word_1_95' title='bbox 883 1968 1025 2024; x_wconf 78' lang='lat' dir='ltr'><strong><em>Natalem</em></strong></span> <span class='ocrx_word' id='word_1_96' title='bbox 1042 1969 1094 2024; x_wconf 81' lang='lat' dir='ltr'>sed</span> <span class='ocrx_word' id='word_1_97' title='bbox 1110 1971 1151 2024; x_wconf 83' lang='lat' dir='ltr'>aa</span> <span class='ocrx_word' id='word_1_98' title='bbox 1169 1969 1208 2024; x_wconf 90' lang='lat' dir='ltr'>P.</span> <span class='ocrx_word' id='word_1_99' title='bbox 1234 1967 1343 2026; x_wconf 78' lang='lat' dir='ltr'>Laines</span> <span class='ocrx_word' id='word_1_100' title='bbox 1358 1969 1431 2024; x_wconf 82' lang='lat' dir='ltr'>scri·</span> 
     </span>
     <span class='ocr_line' id='line_1_14' title="bbox 252 2053 1213 2130; baseline -0.001 -18"><span class='ocrx_word' id='word_1_101' title='bbox 252 2057 405 2126; x_wconf 66' lang='lat' dir='ltr'>bant-3.</span> <span class='ocrx_word' id='word_1_102' title='bbox 426 2053 565 2128; x_wconf 83' lang='lat' dir='ltr'>Collegia</span> <span class='ocrx_word' id='word_1_103' title='bbox 577 2074 597 2110; x_wconf 89' lang='lat' dir='ltr'>a</span> <span class='ocrx_word' id='word_1_104' title='bbox 609 2055 713 2111; x_wconf 85' lang='lat' dir='ltr'>Nadal</span> <span class='ocrx_word' id='word_1_105' title='bbox 722 2057 913 2129; x_wconf 75' lang='lat' dir='ltr'>perlustrata</span> <span class='ocrx_word' id='word_1_106' title='bbox 926 2058 973 2112; x_wconf 84' lang='lat' dir='ltr'>vel</span> <span class='ocrx_word' id='word_1_107' title='bbox 981 2057 1213 2130; x_wconf 76' lang='lat' dir='ltr'>perlustranda.</span> 
     </span>
    </p>
   </div>
   <div class='ocr_carea' id='block_1_6' title="bbox 191 2207 1437 2990">
    <p class='ocr_par' dir='ltr' id='par_1_7' title="bbox 191 2207 1437 2990">
     <span class='ocr_line' id='line_1_15' title="bbox 271 2207 1431 2294; baseline 0 -18"><span class='ocrx_word' id='word_1_108' title='bbox 271 2229 302 2276; x_wconf 63' lang='lat'>12</span> <span class='ocrx_word' id='word_1_109' title='bbox 352 2207 515 2277; x_wconf 87' lang='lat' dir='ltr'>Occurrit</span> <span class='ocrx_word' id='word_1_110' title='bbox 530 2231 614 2276; x_wconf 88' lang='lat' dir='ltr'>vero</span> <span class='ocrx_word' id='word_1_111' title='bbox 632 2220 669 2275; x_wconf 91' lang='lat' dir='ltr'>vt</span> <span class='ocrx_word' id='word_1_112' title='bbox 685 2209 830 2294; x_wconf 87' lang='lat' dir='ltr'>paucula</span> <span class='ocrx_word' id='word_1_113' title='bbox 844 2207 955 2275; x_wconf 91' lang='lat' dir='ltr'>dicam</span> <span class='ocrx_word' id='word_1_114' title='bbox 971 2210 1015 2278; x_wconf 89' lang='lat' dir='ltr'>de</span> <span class='ocrx_word' id='word_1_115' title='bbox 1030 2209 1179 2277; x_wconf 87' lang='lat' dir='ltr'>editione</span> <span class='ocrx_word' id='word_1_116' title='bbox 1194 2229 1359 2278; x_wconf 84' lang='lat' dir='ltr'>censurae</span> <span class='ocrx_word' id='word_1_117' title='bbox 1379 2211 1431 2277; x_wconf 95' lang='lat' dir='ltr'>lo-</span> 
     </span>
     <span class='ocr_line' id='line_1_16' title="bbox 191 2323 1430 2412; baseline -0.005 -15"><span class='ocrx_word' id='word_1_118' title='bbox 191 2325 398 2412; x_wconf 78' lang='lat' dir='ltr'>cupletatae</span> <span class='ocrx_word' id='word_1_119' title='bbox 416 2325 440 2389; x_wconf 83' lang='lat'>’.</span> <span class='ocrx_word' id='word_1_120' title='bbox 460 2323 587 2410; x_wconf 84' lang='lat' dir='ltr'>Scripsi</span> <span class='ocrx_word' id='word_1_121' title='bbox 605 2345 673 2410; x_wconf 86' lang='lat' dir='ltr'>ego</span> <span class='ocrx_word' id='word_1_122' title='bbox 689 2324 733 2390; x_wconf 90' lang='lat' dir='ltr'>ad</span> <span class='ocrx_word' id='word_1_123' title='bbox 749 2325 887 2392; x_wconf 88' lang='lat' dir='ltr'>Patrem</span> <span class='ocrx_word' id='word_1_124' title='bbox 902 2345 943 2391; x_wconf 93' lang='lat' dir='ltr'>ea</span> <span class='ocrx_word' id='word_1_125' title='bbox 959 2325 1002 2391; x_wconf 94' lang='lat' dir='ltr'>de</span> <span class='ocrx_word' id='word_1_126' title='bbox 1017 2347 1066 2393; x_wconf 91' lang='lat' dir='ltr'>re.</span> <span class='ocrx_word' id='word_1_127' title='bbox 1091 2325 1219 2392; x_wconf 87' lang='lat' dir='ltr'><strong><em>Probat</em></strong></span> <span class='ocrx_word' id='word_1_128' title='bbox 1237 2323 1430 2406; x_wconf 88' lang='lat' dir='ltr'>consilium,</span> 
     </span>
     <span class='ocr_line' id='line_1_17' title="bbox 196 2438 1433 2526; baseline 0 -20"><span class='ocrx_word' id='word_1_129' title='bbox 196 2453 240 2506; x_wconf 88' lang='lat' dir='ltr'>vt</span> <span class='ocrx_word' id='word_1_130' title='bbox 256 2449 398 2508; x_wconf 89' lang='lat' dir='ltr'>curetur</span> <span class='ocrx_word' id='word_1_131' title='bbox 413 2441 500 2506; x_wconf 90' lang='lat' dir='ltr'>haec</span> <span class='ocrx_word' id='word_1_132' title='bbox 512 2438 616 2505; x_wconf 90' lang='lat' dir='ltr'>editio</span> <span class='ocrx_word' id='word_1_133' title='bbox 628 2438 738 2525; x_wconf 90' lang='lat' dir='ltr'>primo</span> <span class='ocrx_word' id='word_1_134' title='bbox 750 2459 886 2524; x_wconf 90' lang='lat' dir='ltr'>quoque</span> <span class='ocrx_word' id='word_1_135' title='bbox 899 2449 1063 2525; x_wconf 85' lang='lat' dir='ltr'>tempore,</span> <span class='ocrx_word' id='word_1_136' title='bbox 1078 2458 1146 2524; x_wconf 89' lang='lat' dir='ltr'>qua</span> <span class='ocrx_word' id='word_1_137' title='bbox 1157 2438 1307 2507; x_wconf 85' lang='lat' dir='ltr'><strong>editione</strong></span> <span class='ocrx_word' id='word_1_138' title='bbox 1318 2459 1433 2526; x_wconf 87' lang='lat' dir='ltr'>gnaue</span> 
     </span>
     <span class='ocr_line' id='line_1_18' title="bbox 196 2553 1429 2642; baseline -0.002 -20"><span class='ocrx_word' id='word_1_139' title='bbox 196 2553 473 2642; x_wconf 85' lang='lat' dir='ltr'>locupletatione</span> <span class='ocrx_word' id='word_1_140' title='bbox 485 2553 708 2622; x_wconf 86' lang='lat' dir='ltr'>confirmetur</span> <span class='ocrx_word' id='word_1_141' title='bbox 719 2553 811 2640; x_wconf 92' lang='lat' dir='ltr'>prior</span> <span class='ocrx_word' id='word_1_142' title='bbox 822 2553 880 2619; x_wconf 86' lang='lat' dir='ltr'>illa</span> <span class='ocrx_word' id='word_1_143' title='bbox 890 2574 1047 2637; x_wconf 85' lang='lat' dir='ltr'>censura,</span> <span class='ocrx_word' id='word_1_144' title='bbox 1061 2565 1096 2622; x_wconf 89' lang='lat' dir='ltr'>et</span> <span class='ocrx_word' id='word_1_145' title='bbox 1108 2555 1354 2642; x_wconf 83' lang='lat' dir='ltr'>respondeatur</span> <span class='ocrx_word' id='word_1_146' title='bbox 1363 2557 1429 2624; x_wconf 83' lang='lat' dir='ltr'>Ar-</span> 
     </span>
     <span class='ocr_line' id='line_1_19' title="bbox 196 2668 1433 2758; baseline -0.002 -18"><span class='ocrx_word' id='word_1_147' title='bbox 196 2685 329 2758; x_wconf 86' lang='lat' dir='ltr'>topaeo</span> <span class='ocrx_word' id='word_1_148' title='bbox 346 2680 381 2738; x_wconf 86' lang='lat' dir='ltr'>et</span> <span class='ocrx_word' id='word_1_149' title='bbox 396 2668 596 2738; x_wconf 89' lang='lat' dir='ltr'>Chemnisio</span> <span class='ocrx_word' id='word_1_150' title='bbox 614 2671 639 2753; x_wconf 81' lang='lat'>³,</span> <span class='ocrx_word' id='word_1_151' title='bbox 657 2669 705 2737; x_wconf 89' lang='lat' dir='ltr'>ita</span> <span class='ocrx_word' id='word_1_152' title='bbox 721 2681 835 2736; x_wconf 89' lang='lat' dir='ltr'>tamen</span> <span class='ocrx_word' id='word_1_153' title='bbox 849 2680 888 2735; x_wconf 92' lang='lat' dir='ltr'>vt</span> <span class='ocrx_word' id='word_1_154' title='bbox 907 2669 1123 2756; x_wconf 88' lang='lat' dir='ltr'>compendio,</span> <span class='ocrx_word' id='word_1_155' title='bbox 1144 2671 1257 2755; x_wconf 90' lang='lat' dir='ltr'>quoad</span> <span class='ocrx_word' id='word_1_156' title='bbox 1276 2669 1350 2738; x_wconf 86' lang='lat' dir='ltr'>fieri</span> <span class='ocrx_word' id='word_1_157' title='bbox 1361 2691 1433 2758; x_wconf 44' lang='lat' dir='ltr'>*po-</span> 
     </span>
     <span class='ocr_line' id='line_1_20' title="bbox 202 2784 1433 2874; baseline 0 -21"><span class='ocrx_word' id='word_1_158' title='bbox 202 2787 298 2866; x_wconf 89' lang='lat' dir='ltr'>terit,</span> <span class='ocrx_word' id='word_1_159' title='bbox 316 2795 453 2854; x_wconf 89' lang='lat' dir='ltr'>constet</span> <span class='ocrx_word' id='word_1_160' title='bbox 469 2807 512 2874; x_wconf 82' lang='lat' dir='ltr'>ea</span> <span class='ocrx_word' id='word_1_161' title='bbox 525 2785 758 2871; x_wconf 85' lang='lat' dir='ltr'>locupletatio.</span> <span class='ocrx_word' id='word_1_162' title='bbox 778 2786 958 2852; x_wconf 90' lang='lat' dir='ltr'>Curabunt</span> <span class='ocrx_word' id='word_1_163' title='bbox 975 2789 1014 2853; x_wconf 91' lang='lat' dir='ltr'>P.</span> <span class='ocrx_word' id='word_1_164' title='bbox 1035 2784 1207 2853; x_wconf 88' lang='lat' dir='ltr'>Henricus</span> <span class='ocrx_word' id='word_1_165' title='bbox 1223 2786 1235 2820; x_wconf 82' lang='lat'><strong>⁴</strong></span> <span class='ocrx_word' id='word_1_166' title='bbox 1251 2796 1286 2854; x_wconf 92' lang='lat' dir='ltr'>et</span> <span class='ocrx_word' id='word_1_167' title='bbox 1302 2787 1343 2854; x_wconf 91' lang='lat' dir='ltr'>P.</span> <span class='ocrx_word' id='word_1_168' title='bbox 1360 2785 1433 2854; x_wconf 87' lang='lat' dir='ltr'>Co-</span> 
     </span>
     <span class='ocr_line' id='line_1_21' title="bbox 198 2899 1437 2990; baseline -0.002 -20"><span class='ocrx_word' id='word_1_169' title='bbox 198 2913 320 2972; x_wconf 86' lang='lat' dir='ltr'>sterus</span> <span class='ocrx_word' id='word_1_170' title='bbox 338 2904 350 2937; x_wconf 84' lang='lat'>⁸</span> <span class='ocrx_word' id='word_1_171' title='bbox 370 2903 461 2967; x_wconf 89' lang='lat' dir='ltr'>hanc</span> <span class='ocrx_word' id='word_1_172' title='bbox 481 2921 600 2986; x_wconf 85' lang='lat' dir='ltr'>parare</span> <span class='ocrx_word' id='word_1_173' title='bbox 621 2899 818 2982; x_wconf 84' lang='lat' dir='ltr'>editionem,</span> <span class='ocrx_word' id='word_1_174' title='bbox 837 2921 938 2985; x_wconf 89' lang='lat' dir='ltr'>quam</span> <span class='ocrx_word' id='word_1_175' title='bbox 955 2901 1106 2987; x_wconf 85' lang='lat' dir='ltr'>poterint</span> <span class='ocrx_word' id='word_1_176' title='bbox 1121 2899 1381 2990; x_wconf 85' lang='lat' dir='ltr'>diligentissime</span> <span class='ocrx_word' id='word_1_177' title='bbox 1400 2912 1437 2970; x_wconf 89' lang='lat' dir='ltr'>et</span> 
     </span>
    </p>
   </div>
   <div class='ocr_carea' id='block_1_7' title="bbox 199 3140 1450 4729">
    <p class='ocr_par' dir='ltr' id='par_1_8' title="bbox 199 3140 1440 3481">
     <span class='ocr_line' id='line_1_22' title="bbox 259 3140 1437 3216; baseline 0.001 -18"><span class='ocrx_word' id='word_1_178' title='bbox 259 3148 269 3179; x_wconf 84' lang='lat'>¹</span> <span class='ocrx_word' id='word_1_179' title='bbox 308 3145 353 3198; x_wconf 85' lang='lat' dir='ltr'>Ex</span> <span class='ocrx_word' id='word_1_180' title='bbox 375 3142 553 3215; x_wconf 84' lang='lat' dir='ltr'>apographo,</span> <span class='ocrx_word' id='word_1_181' title='bbox 577 3140 674 3196; x_wconf 87' lang='lat' dir='ltr'>Patris</span> <span class='ocrx_word' id='word_1_182' title='bbox 697 3141 802 3197; x_wconf 87' lang='lat' dir='ltr'>Kessel</span> <span class='ocrx_word' id='word_1_183' title='bbox 825 3158 912 3198; x_wconf 86' lang='lat' dir='ltr'>manu</span> <span class='ocrx_word' id='word_1_184' title='bbox 934 3150 1068 3211; x_wconf 83' lang='lat' dir='ltr'>exarato,</span> <span class='ocrx_word' id='word_1_185' title='bbox 1082 3143 1123 3198; x_wconf 88' lang='lat' dir='ltr'>in</span> <span class='ocrx_word' id='word_1_186' title='bbox 1144 3143 1208 3215; x_wconf 87' lang='lat' dir='ltr'>ejus</span> <span class='ocrx_word' id='word_1_187' title='bbox 1236 3141 1437 3216; x_wconf 73' lang='lat' dir='ltr'>Epistolario,</span> 
     </span>
     <span class='ocr_line' id='line_1_23' title="bbox 202 3223 1440 3305; baseline -0.002 -17"><span class='ocrx_word' id='word_1_188' title='bbox 202 3232 282 3288; x_wconf 86' lang='lat' dir='ltr'>Cod.</span> <span class='ocrx_word' id='word_1_189' title='bbox 299 3245 344 3303; x_wconf 80' lang='lat'>37,</span> <span class='ocrx_word' id='word_1_190' title='bbox 363 3231 416 3286; x_wconf 84' lang='lat' dir='ltr'>iol.</span> <span class='ocrx_word' id='word_1_191' title='bbox 441 3229 492 3286; x_wconf 85' lang='lat'>136</span> <span class='ocrx_word' id='word_1_192' title='bbox 508 3233 577 3300; x_wconf 84' lang='lat'><strong>(24).</strong></span> <span class='ocrx_word' id='word_1_193' title='bbox 595 3229 713 3285; x_wconf 81' lang='lat' dir='ltr'>Titulus</span> <span class='ocrx_word' id='word_1_194' title='bbox 730 3229 815 3285; x_wconf 87' lang='lat' dir='ltr'>initio</span> <span class='ocrx_word' id='word_1_195' title='bbox 837 3223 1004 3302; x_wconf 63' lang='lat' dir='ltr'>positus:&#39;6</span> <span class='ocrx_word' id='word_1_196' title='bbox 1026 3231 1212 3301; x_wconf 81' lang='lat' dir='ltr'>Novembris,</span> <span class='ocrx_word' id='word_1_197' title='bbox 1234 3233 1440 3305; x_wconf 64' lang='lat' dir='ltr'>Augustae.-</span> 
     </span>
     <span class='ocr_line' id='line_1_24' title="bbox 204 3317 1440 3392; baseline -0.002 -15"><span class='ocrx_word' id='word_1_198' title='bbox 204 3322 246 3377; x_wconf 79' lang='lat' dir='ltr'>P.</span> <span class='ocrx_word' id='word_1_199' title='bbox 260 3320 387 3375; x_wconf 87' lang='lat' dir='ltr'>Natalis</span> <span class='ocrx_word' id='word_1_200' title='bbox 399 3319 629 3387; x_wconf 63' lang='lat' dir='ltr'>coloniensibus·</span> <span class='ocrx_word' id='word_1_201' title='bbox 642 3318 695 3374; x_wconf 87' lang='lat' dir='ltr'>sed</span> <span class='ocrx_word' id='word_1_202' title='bbox 708 3337 745 3374; x_wconf 89' lang='lat' dir='ltr'>ex</span> <span class='ocrx_word' id='word_1_203' title='bbox 759 3317 852 3391; x_wconf 88' lang='lat' dir='ltr'>ipsius</span> <span class='ocrx_word' id='word_1_204' title='bbox 866 3320 1009 3392; x_wconf 87' lang='lat' dir='ltr'>epistolae</span> <span class='ocrx_word' id='word_1_205' title='bbox 1028 3327 1130 3374; x_wconf 89' lang='lat' dir='ltr'>tenore</span> <span class='ocrx_word' id='word_1_206' title='bbox 1149 3337 1213 3375; x_wconf 88' lang='lat' dir='ltr'>eam</span> <span class='ocrx_word' id='word_1_207' title='bbox 1228 3320 1309 3376; x_wconf 88' lang='lat' dir='ltr'>Patri</span> <span class='ocrx_word' id='word_1_208' title='bbox 1324 3320 1440 3388; x_wconf 86' lang='lat' dir='ltr'>Kessei,</span> 
     </span>
     <span class='ocr_line' id='line_1_25' title="bbox 199 3406 1135 3481; baseline -0.002 -15"><span class='ocrx_word' id='word_1_209' title='bbox 199 3409 390 3466; x_wconf 85' lang='lat' dir='ltr'>coloniensis</span> <span class='ocrx_word' id='word_1_210' title='bbox 403 3408 508 3463; x_wconf 86' lang='lat' dir='ltr'>domus</span> <span class='ocrx_word' id='word_1_211' title='bbox 522 3407 709 3478; x_wconf 84' lang='lat' dir='ltr'>moderatori,</span> <span class='ocrx_word' id='word_1_212' title='bbox 723 3407 821 3463; x_wconf 86' lang='lat' dir='ltr'>datam</span> <span class='ocrx_word' id='word_1_213' title='bbox 834 3406 928 3463; x_wconf 80' lang='lat' dir='ltr'>fuisse</span> <span class='ocrx_word' id='word_1_214' title='bbox 941 3410 1019 3463; x_wconf 90' lang='lat' dir='ltr'>clare</span> <span class='ocrx_word' id='word_1_215' title='bbox 1032 3409 1135 3481; x_wconf 89' lang='lat' dir='ltr'>liquet.</span> 
     </span>
    </p>

    <p class='ocr_par' dir='ltr' id='par_1_9' title="bbox 202 3495 1446 4191">
     <span class='ocr_line' id='line_1_26' title="bbox 263 3495 1442 3568; baseline 0 -15"><span class='ocrx_word' id='word_1_216' title='bbox 263 3504 275 3535; x_wconf 81' lang='lat'><strong>¹</strong></span> <span class='ocrx_word' id='word_1_217' title='bbox 314 3499 402 3554; x_wconf 82' lang='lat' dir='ltr'>Anno</span> <span class='ocrx_word' id='word_1_218' title='bbox 417 3498 486 3566; x_wconf 87' lang='lat'><strong>1560</strong></span> <span class='ocrx_word' id='word_1_219' title='bbox 499 3497 641 3554; x_wconf 86' lang='lat' dir='ltr'>Coloniae</span> <span class='ocrx_word' id='word_1_220' title='bbox 654 3497 751 3552; x_wconf 87' lang='lat' dir='ltr'>editus</span> <span class='ocrx_word' id='word_1_221' title='bbox 763 3496 820 3552; x_wconf 82' lang='lat' dir='ltr'>tuit</span> <span class='ocrx_word' id='word_1_222' title='bbox 832 3497 920 3568; x_wconf 90' lang='lat' dir='ltr'>liber,</span> <span class='ocrx_word' id='word_1_223' title='bbox 932 3495 980 3553; x_wconf 92' lang='lat' dir='ltr'>cui</span> <span class='ocrx_word' id='word_1_224' title='bbox 993 3496 1107 3554; x_wconf 87' lang='lat' dir='ltr'>titulus:</span> <span class='ocrx_word' id='word_1_225' title='bbox 1123 3495 1279 3554; x_wconf 73' lang='lat' dir='ltr'>«Censura</span> <span class='ocrx_word' id='word_1_226' title='bbox 1293 3497 1332 3552; x_wconf 75' lang='lat' dir='ltr'>ut</span> <span class='ocrx_word' id='word_1_227' title='bbox 1344 3497 1442 3554; x_wconf 85' lang='lat' dir='ltr'>Docta</span> 
     </span>
     <span class='ocr_line' id='line_1_27' title="bbox 206 3584 1443 3662; baseline -0.001 -20"><span class='ocrx_word' id='word_1_228' title='bbox 206 3589 388 3662; x_wconf 61' lang='lat' dir='ltr'>&amp;plicatio</span> <span class='ocrx_word' id='word_1_229' title='bbox 400 3588 553 3642; x_wconf 82' lang='lat' dir='ltr'>Errorum</span> <span class='ocrx_word' id='word_1_230' title='bbox 568 3584 749 3642; x_wconf 64' lang='lat' dir='ltr'>Caterhrsmi</span> <span class='ocrx_word' id='word_1_231' title='bbox 754 3587 890 3658; x_wconf 80' lang='lat' dir='ltr'>joannis</span> <span class='ocrx_word' id='word_1_232' title='bbox 902 3587 1078 3654; x_wconf 77' lang='lat' dir='ltr'>Moairemii,</span> <span class='ocrx_word' id='word_1_233' title='bbox 1098 3584 1305 3642; x_wconf 83' lang='lat' dir='ltr'>Grammatici</span> <span class='ocrx_word' id='word_1_234' title='bbox 1321 3585 1443 3642; x_wconf 68' lang='lat' dir='ltr'>Daorsei-</span> 
     </span>
     <span class='ocr_line' id='line_1_28' title="bbox 202 3674 1444 3750; baseline -0.001 -19"><span class='ocrx_word' id='word_1_235' title='bbox 202 3677 404 3750; x_wconf 63' lang='grc' dir='ltr'>ἀπρεπεῖς...</span> <span class='ocrx_word' id='word_1_236' title='bbox 414 3679 472 3748; x_wconf 74' lang='lat' dir='ltr'>par</span> <span class='ocrx_word' id='word_1_237' title='bbox 484 3677 643 3748; x_wconf 76' lang='lat' dir='ltr'>deputatos</span> <span class='ocrx_word' id='word_1_238' title='bbox 655 3693 675 3729; x_wconf 90' lang='lat' dir='ltr'>a</span> <span class='ocrx_word' id='word_1_239' title='bbox 688 3675 785 3730; x_wconf 83' lang='lat' dir='ltr'>Sacra</span> <span class='ocrx_word' id='word_1_240' title='bbox 802 3675 980 3750; x_wconf 79' lang='lat' dir='ltr'>Theologica</span> <span class='ocrx_word' id='word_1_241' title='bbox 993 3675 1151 3732; x_wconf 82' lang='lat' dir='ltr'>Facultate</span> <span class='ocrx_word' id='word_1_242' title='bbox 1167 3677 1380 3732; x_wconf 78' lang='lat' dir='ltr'>Vniversitatis</span> <span class='ocrx_word' id='word_1_243' title='bbox 1391 3674 1444 3730; x_wconf 91' lang='lat' dir='ltr'>Co·</span> 
     </span>
     <span class='ocr_line' id='line_1_29' title="bbox 207 3763 1444 3836; baseline -0.002 -15"><span class='ocrx_word' id='word_1_244' title='bbox 207 3767 394 3822; x_wconf 68' lang='lat' dir='ltr'>teatensis„</span> <span class='ocrx_word' id='word_1_245' title='bbox 407 3765 454 3820; x_wconf 91' lang='lat' dir='ltr'>De</span> <span class='ocrx_word' id='word_1_246' title='bbox 467 3765 524 3819; x_wconf 91' lang='lat' dir='ltr'>hoc</span> <span class='ocrx_word' id='word_1_247' title='bbox 536 3764 627 3834; x_wconf 85' lang='lat' dir='ltr'>igitur</span> <span class='ocrx_word' id='word_1_248' title='bbox 639 3763 713 3820; x_wconf 91' lang='lat' dir='ltr'>libro</span> <span class='ocrx_word' id='word_1_249' title='bbox 726 3764 933 3836; x_wconf 86' lang='lat' dir='ltr'>locupletando</span> <span class='ocrx_word' id='word_1_250' title='bbox 947 3770 977 3819; x_wconf 89' lang='lat' dir='ltr'>et</span> <span class='ocrx_word' id='word_1_251' title='bbox 986 3764 1084 3819; x_wconf 89' lang='lat' dir='ltr'>denuo</span> <span class='ocrx_word' id='word_1_252' title='bbox 1097 3764 1270 3820; x_wconf 87' lang='lat' dir='ltr'>excudendo</span> <span class='ocrx_word' id='word_1_253' title='bbox 1287 3781 1383 3821; x_wconf 87' lang='lat' dir='ltr'>sermo</span> <span class='ocrx_word' id='word_1_254' title='bbox 1397 3775 1444 3819; x_wconf 88' lang='lat' dir='ltr'>est</span> 
     </span>
     <span class='ocr_line' id='line_1_30' title="bbox 206 3851 1445 3926; baseline -0.002 -15"><span class='ocrx_word' id='word_1_255' title='bbox 206 3856 242 3911; x_wconf 92' lang='lat' dir='ltr'>in</span> <span class='ocrx_word' id='word_1_256' title='bbox 255 3856 313 3910; x_wconf 82' lang='lat' dir='ltr'>hae</span> <span class='ocrx_word' id='word_1_257' title='bbox 326 3853 465 3926; x_wconf 87' lang='lat' dir='ltr'>epistola.</span> <span class='ocrx_word' id='word_1_258' title='bbox 482 3854 529 3908; x_wconf 87' lang='lat' dir='ltr'>De</span> <span class='ocrx_word' id='word_1_259' title='bbox 541 3853 628 3924; x_wconf 86' lang='lat' dir='ltr'>hujus</span> <span class='ocrx_word' id='word_1_260' title='bbox 646 3853 743 3924; x_wconf 89' lang='lat' dir='ltr'>operis</span> <span class='ocrx_word' id='word_1_261' title='bbox 762 3851 884 3908; x_wconf 87' lang='lat' dir='ltr'>historia</span> <span class='ocrx_word' id='word_1_262' title='bbox 903 3853 987 3925; x_wconf 86' lang='lat' dir='ltr'>plura</span> <span class='ocrx_word' id='word_1_263' title='bbox 1007 3852 1159 3924; x_wconf 84' lang='lat' dir='ltr'>congessit</span> <span class='ocrx_word' id='word_1_264' title='bbox 1180 3853 1213 3907; x_wconf 92' lang='lat' dir='ltr'>P.</span> <span class='ocrx_word' id='word_1_265' title='bbox 1237 3854 1445 3910; x_wconf 73' lang='lat' dir='ltr'>Baauusnaa·</span> 
     </span>
     <span class='ocr_line' id='line_1_31' title="bbox 202 3940 1445 4016; baseline -0.004 -16"><span class='ocrx_word' id='word_1_266' title='bbox 202 3957 289 4016; x_wconf 68' lang='lat' dir='ltr'>cum,</span> <span class='ocrx_word' id='word_1_267' title='bbox 304 3941 543 4016; x_wconf 64' lang='lat' dir='ltr'>Canisiiepist„</span> <span class='ocrx_word' id='word_1_268' title='bbox 556 3943 596 4010; x_wconf 93' lang='lat'>11,</span> <span class='ocrx_word' id='word_1_269' title='bbox 609 3943 673 4010; x_wconf 85' lang='lat'>626,</span> <span class='ocrx_word' id='word_1_270' title='bbox 685 3941 749 4011; x_wconf 86' lang='lat'>627,</span> <span class='ocrx_word' id='word_1_271' title='bbox 762 3954 816 4012; x_wconf 86' lang='lat'>720</span> <span class='ocrx_word' id='word_1_272' title='bbox 834 3950 865 3998; x_wconf 88' lang='lat' dir='ltr'>et</span> <span class='ocrx_word' id='word_1_273' title='bbox 884 3952 947 4011; x_wconf 87' lang='lat'>721.</span> <span class='ocrx_word' id='word_1_274' title='bbox 968 3940 1018 3997; x_wconf 86' lang='lat' dir='ltr'>Ci.</span> <span class='ocrx_word' id='word_1_275' title='bbox 1041 3942 1279 4012; x_wconf 79' lang='lat' dir='ltr'>Rarrrnnaane,</span> <span class='ocrx_word' id='word_1_276' title='bbox 1303 3943 1359 3997; x_wconf 88' lang='lat' dir='ltr'>loc.</span> <span class='ocrx_word' id='word_1_277' title='bbox 1380 3941 1445 4007; x_wconf 66' lang='lat' dir='ltr'>cit„</span> 
     </span>
     <span class='ocr_line' id='line_1_32' title="bbox 206 4029 1446 4104; baseline -0.002 -15"><span class='ocrx_word' id='word_1_278' title='bbox 206 4033 264 4090; x_wconf 83' lang='lat' dir='ltr'>lib.</span> <span class='ocrx_word' id='word_1_279' title='bbox 278 4033 334 4104; x_wconf 88' lang='lat' dir='ltr'>IV,</span> <span class='ocrx_word' id='word_1_280' title='bbox 347 4048 413 4103; x_wconf 83' lang='lat' dir='ltr'>cap.</span> <span class='ocrx_word' id='word_1_281' title='bbox 426 4044 468 4098; x_wconf 83' lang='lat' dir='ltr'>v13</span> <span class='ocrx_word' id='word_1_282' title='bbox 483 4031 630 4102; x_wconf 70' lang='lat' dir='ltr'>Hansru,</span> <span class='ocrx_word' id='word_1_283' title='bbox 644 4033 700 4088; x_wconf 74' lang='lat' dir='ltr'>loc,</span> <span class='ocrx_word' id='word_1_284' title='bbox 714 4031 784 4103; x_wconf 89' lang='lat' dir='ltr'>cit.,</span> <span class='ocrx_word' id='word_1_285' title='bbox 798 4048 868 4104; x_wconf 84' lang='lat' dir='ltr'>pag.</span> <span class='ocrx_word' id='word_1_286' title='bbox 886 4029 949 4102; x_wconf 86' lang='lat'>349,</span> <span class='ocrx_word' id='word_1_287' title='bbox 961 4029 1012 4100; x_wconf 86' lang='lat'>357</span> <span class='ocrx_word' id='word_1_288' title='bbox 1026 4037 1057 4086; x_wconf 90' lang='lat' dir='ltr'>et</span> <span class='ocrx_word' id='word_1_289' title='bbox 1075 4044 1139 4100; x_wconf 83' lang='lat'>4423</span> <span class='ocrx_word' id='word_1_290' title='bbox 1158 4038 1189 4085; x_wconf 86' lang='lat' dir='ltr'>et</span> <span class='ocrx_word' id='word_1_291' title='bbox 1210 4031 1362 4102; x_wconf 67' lang='lat' dir='ltr'>jussas,</span> <span class='ocrx_word' id='word_1_292' title='bbox 1389 4029 1446 4086; x_wconf 86' lang='lat' dir='ltr'>Ge-</span> 
     </span>
     <span class='ocr_line' id='line_1_33' title="bbox 207 4121 852 4191; baseline -0.003 -13"><span class='ocrx_word' id='word_1_293' title='bbox 207 4122 340 4178; x_wconf 76' lang='lat' dir='ltr'>selrichta</span> <span class='ocrx_word' id='word_1_294' title='bbox 352 4123 405 4176; x_wconf 81' lang='lat' dir='ltr'>aes</span> <span class='ocrx_word' id='word_1_295' title='bbox 417 4121 587 4176; x_wconf 82' lang='lat' dir='ltr'>Dautschen</span> <span class='ocrx_word' id='word_1_296' title='bbox 606 4121 720 4191; x_wconf 83' lang='lat' dir='ltr'>Volkes,</span> <span class='ocrx_word' id='word_1_297' title='bbox 735 4121 772 4191; x_wconf 94' lang='lat' dir='ltr'>V,</span> <span class='ocrx_word' id='word_1_298' title='bbox 785 4122 852 4190; x_wconf 85' lang='lat'><strong>462.</strong></span> 
     </span>
    </p>

    <p class='ocr_par' dir='ltr' id='par_1_10' title="bbox 201 4207 1450 4532">
     <span class='ocr_line' id='line_1_34' title="bbox 266 4207 1447 4281; baseline 0 -17"><span class='ocrx_word' id='word_1_299' title='bbox 266 4211 279 4244; x_wconf 81' lang='lat'><strong>³</strong></span> <span class='ocrx_word' id='word_1_300' title='bbox 316 4210 386 4276; x_wconf 67' lang='lat' dir='ltr'>Me,</span> <span class='ocrx_word' id='word_1_301' title='bbox 402 4207 573 4264; x_wconf 77' lang='lat' dir='ltr'>Chemusio.</span> <span class='ocrx_word' id='word_1_302' title='bbox 588 4209 754 4264; x_wconf 83' lang='lat' dir='ltr'>«Privatam</span> <span class='ocrx_word' id='word_1_303' title='bbox 769 4211 845 4265; x_wconf 88' lang='lat' dir='ltr'>hanc</span> <span class='ocrx_word' id='word_1_304' title='bbox 857 4225 1012 4264; x_wconf 84' lang='lat' dir='ltr'>censuram</span> <span class='ocrx_word' id='word_1_305' title='bbox 1026 4209 1131 4264; x_wconf 87' lang='lat' dir='ltr'>eodem</span> <span class='ocrx_word' id='word_1_306' title='bbox 1140 4225 1216 4264; x_wconf 87' lang='lat' dir='ltr'>anno</span> <span class='ocrx_word' id='word_1_307' title='bbox 1226 4216 1329 4264; x_wconf 85' lang='lat' dir='ltr'>secuta</span> <span class='ocrx_word' id='word_1_308' title='bbox 1339 4216 1386 4264; x_wconf 86' lang='lat' dir='ltr'>est</span> <span class='ocrx_word' id='word_1_309' title='bbox 1396 4227 1447 4281; x_wconf 90' lang='lat' dir='ltr'>pu·</span> 
     </span>
     <span class='ocr_line' id='line_1_35' title="bbox 205 4296 1450 4370; baseline -0.002 -15"><span class='ocrx_word' id='word_1_310' title='bbox 205 4301 301 4368; x_wconf 85' lang='lat' dir='ltr'>blica,</span> <span class='ocrx_word' id='word_1_311' title='bbox 316 4297 481 4353; x_wconf 86' lang='lat' dir='ltr'>Facultatis</span> <span class='ocrx_word' id='word_1_312' title='bbox 493 4297 691 4369; x_wconf 81' lang='lat' dir='ltr'>Theologicae</span> <span class='ocrx_word' id='word_1_313' title='bbox 705 4299 894 4368; x_wconf 83' lang='lat' dir='ltr'>authoritate,</span> <span class='ocrx_word' id='word_1_314' title='bbox 908 4315 943 4354; x_wconf 89' lang='lat' dir='ltr'>ac</span> <span class='ocrx_word' id='word_1_315' title='bbox 952 4297 1048 4370; x_wconf 86' lang='lat' dir='ltr'>jussu;</span> <span class='ocrx_word' id='word_1_316' title='bbox 1063 4299 1111 4355; x_wconf 90' lang='lat' dir='ltr'>cui</span> <span class='ocrx_word' id='word_1_317' title='bbox 1124 4296 1272 4354; x_wconf 87' lang='lat' dir='ltr'>Henricus</span> <span class='ocrx_word' id='word_1_318' title='bbox 1283 4298 1450 4370; x_wconf 82' lang='lat' dir='ltr'>Artapaeus</span> 
     </span>
     <span class='ocr_line' id='line_1_36' title="bbox 201 4385 1449 4460; baseline 0 -16"><span class='ocrx_word' id='word_1_319' title='bbox 201 4397 241 4444; x_wconf 84' lang='lat' dir='ltr'>et</span> <span class='ocrx_word' id='word_1_320' title='bbox 264 4386 412 4442; x_wconf 81' lang='lat' dir='ltr'>Martinus</span> <span class='ocrx_word' id='word_1_321' title='bbox 434 4385 622 4444; x_wconf 88' lang='lat' dir='ltr'>Chemnitius</span> <span class='ocrx_word' id='word_1_322' title='bbox 651 4387 768 4460; x_wconf 83' lang='lat' dir='ltr'>Lipsiae</span> <span class='ocrx_word' id='word_1_323' title='bbox 795 4389 943 4444; x_wconf 86' lang='lat' dir='ltr'>oblatrare</span> <span class='ocrx_word' id='word_1_324' title='bbox 969 4388 1067 4443; x_wconf 84' lang='lat' dir='ltr'>conati</span> <span class='ocrx_word' id='word_1_325' title='bbox 1089 4395 1188 4443; x_wconf 74' lang='lat' dir='ltr'>sunt.»</span> <span class='ocrx_word' id='word_1_326' title='bbox 1209 4387 1449 4458; x_wconf 67' lang='lat' dir='ltr'>Romanunm,</span> 
     </span>
     <span class='ocr_line' id='line_1_37' title="bbox 204 4475 343 4532; baseline -0.007 -1"><span class='ocrx_word' id='word_1_327' title='bbox 204 4477 275 4532; x_wconf 83' lang='lat' dir='ltr'>loc.</span> <span class='ocrx_word' id='word_1_328' title='bbox 290 4475 343 4531; x_wconf 91' lang='lat' dir='ltr'>cit.</span> 
     </span>
    </p>

    <p class='ocr_par' dir='ltr' id='par_1_11' title="bbox 269 4564 1159 4639">
     <span class='ocr_line' id='line_1_38' title="bbox 269 4564 1159 4639; baseline -0.001 -19"><span class='ocrx_word' id='word_1_329' title='bbox 269 4568 282 4600; x_wconf 80' lang='lat'>⁴</span> <span class='ocrx_word' id='word_1_330' title='bbox 319 4565 357 4622; x_wconf 85' lang='lat' dir='ltr'>P.</span> <span class='ocrx_word' id='word_1_331' title='bbox 373 4564 523 4622; x_wconf 79' lang='lat' dir='ltr'>Henricus</span> <span class='ocrx_word' id='word_1_332' title='bbox 536 4565 709 4638; x_wconf 84' lang='lat' dir='ltr'>Dionysius,</span> <span class='ocrx_word' id='word_1_333' title='bbox 722 4566 761 4622; x_wconf 88' lang='lat' dir='ltr'>de</span> <span class='ocrx_word' id='word_1_334' title='bbox 773 4583 831 4638; x_wconf 94' lang='lat' dir='ltr'>quo</span> <span class='ocrx_word' id='word_1_335' title='bbox 845 4565 913 4622; x_wconf 89' lang='lat' dir='ltr'>vide</span> <span class='ocrx_word' id='word_1_336' title='bbox 927 4565 1071 4639; x_wconf 78' lang='lat' dir='ltr'>append,</span> <span class='ocrx_word' id='word_1_337' title='bbox 1085 4583 1117 4620; x_wconf 90' lang='lat' dir='ltr'>n.</span> <span class='ocrx_word' id='word_1_338' title='bbox 1136 4565 1159 4620; x_wconf 93' lang='lat'>1.</span> 
     </span>
    </p>

    <p class='ocr_par' dir='ltr' id='par_1_12' title="bbox 270 4653 1449 4729">
     <span class='ocr_line' id='line_1_39' title="bbox 270 4653 1449 4729; baseline 0 -19"><span class='ocrx_word' id='word_1_339' title='bbox 270 4657 283 4690; x_wconf 80' lang='lat'>⁸</span> <span class='ocrx_word' id='word_1_340' title='bbox 320 4655 355 4710; x_wconf 92' lang='lat' dir='ltr'>P.</span> <span class='ocrx_word' id='word_1_341' title='bbox 369 4655 543 4711; x_wconf 81' lang='lat' dir='ltr'>Franciscus</span> <span class='ocrx_word' id='word_1_342' title='bbox 553 4654 673 4712; x_wconf 89' lang='lat' dir='ltr'>Coster.</span> <span class='ocrx_word' id='word_1_343' title='bbox 688 4656 760 4728; x_wconf 84' lang='lat' dir='ltr'>Ejus</span> <span class='ocrx_word' id='word_1_344' title='bbox 771 4673 895 4712; x_wconf 84' lang='lat' dir='ltr'>examen</span> <span class='ocrx_word' id='word_1_345' title='bbox 905 4655 983 4712; x_wconf 91' lang='lat' dir='ltr'>inter</span> <span class='ocrx_word' id='word_1_346' title='bbox 992 4655 1049 4711; x_wconf 89' lang='lat' dir='ltr'>alia</span> <span class='ocrx_word' id='word_1_347' title='bbox 1058 4656 1184 4710; x_wconf 85' lang='lat' dir='ltr'>habetur</span> <span class='ocrx_word' id='word_1_348' title='bbox 1194 4653 1224 4711; x_wconf 88' lang='lat' dir='ltr'>in</span> <span class='ocrx_word' id='word_1_349' title='bbox 1234 4653 1372 4729; x_wconf 77' lang='lat' dir='ltr'>append,</span> <span class='ocrx_word' id='word_1_350' title='bbox 1384 4673 1413 4710; x_wconf 90' lang='lat' dir='ltr'>n.</span> <span class='ocrx_word' id='word_1_351' title='bbox 1425 4657 1449 4711; x_wconf 94' lang='lat'>1.</span> 
     </span>
    </p>
   </div>
   <div class='ocr_carea' id='block_1_8' title="bbox 0 0 1813 5380">
    <p class='ocr_par' dir='ltr' id='par_1_13' title="bbox 0 0 1813 5380">
     <span class='ocr_line' id='line_1_40' title="bbox 0 0 1813 5380; baseline 0 0"><span class='ocrx_word' id='word_1_352' title='bbox 0 0 1813 5380; x_wconf 95' lang='lat' dir='ltr'> </span> 
     </span>
    </p>
   </div>
  </div>
 </body>
</html>
