3478 5384
378 501 431 560 322
788 502 892 560 Erisr.
912 499 949 556 Ρ.
972 499 1176 556 Nonne-288

380 655 541 745 uagliate.
561 658 599 726 S’
616 677 674 724 era
691 657 775 723 fatto
792 676 839 721 un
854 655 992 724 decreto
1008 653 1097 721 nella
1112 653 1253 722 materia
1268 654 1308 720 de
1318 653 1449 734 ordine,
1461 653 1483 719 il
1497 652 1583 737 quin.

379 783 426 855 to,
444 774 534 840 doue
550 771 578 839 si
595 782 745 840 metteua
761 771 794 838 la
809 769 1022 837 institutione
1038 770 1116 837 delli
1138 769 1275 838 vescoui
1291 791 1383 838 esser
1398 770 1441 836 da
1456 771 1538 856 Xpo.
1554 769 1582 835 in

380 889 424 957 tal
444 889 556 970 modo,
575 890 639 956 che
654 889 757 953 eliam
770 887 803 954 la
814 885 1039 954 iurisdittione
1051 884 1179 974 poteria
1194 908 1292 973 parer
1307 885 1496 972 procedessi
1515 889 1520 920 ¹
1537 871 1581 952 ih-

379 1003 642 1072 mediatamente
654 1004 697 1070 da
709 1023 798 1086 esse,
812 1012 847 1069 et
858 1001 925 1068 mai
937 1004 969 1068 c'
982 1004 1002 1068 e
1014 1011 1103 1069 stato
1118 1001 1236 1069 ordine
1251 1004 1315 1070 che
1330 999 1581 1070 consentessimo

380 1130 503 1190 metter
529 1119 651 1188 alcuna
672 1119 789 1206 parola
808 1121 872 1186 che
892 1117 1065 1185 mostrassi
1085 1118 1118 1185 la
1141 1118 1309 1184 anchorita
1329 1117 1516 1186 uniuersale
1536 1118 1583 1184 del

379 1257 478 1323 papa3
496 1244 532 1302 et
548 1256 613 1322 pur
632 1233 657 1300 li
677 1233 782 1322 legati
804 1255 869 1302 con
890 1233 1036 1302 corriero
1055 1231 1191 1321 proprio
1217 1244 1252 1304 et
1277 1233 1535 1303 extraordinario
1551 1255 1583 1301 se

380 1349 535 1418 risolsino
550 1349 586 1416 di
601 1350 742 1417 mandar
757 1350 869 1435 quella
884 1339 1100 1416 concordia'a
1119 1350 1189 1418 Sua
1209 1347 1296 1430 Sil,
1318 1371 1378 1436 per
1398 1349 1421 1416 il
1441 1351 1489 1416 far
1507 1349 1583 1414 della

381 1465 481 1552 quale
497 1487 567 1532 non
583 1463 778 1533 chiamorno
795 1467 838 1532 N.
858 1467 898 1531 P.
918 1465 961 1532 ne
977 1467 1085 1533 anche
1101 1464 1124 1530 il
1142 1467 1181 1532 P.
1200 1466 1410 1546 Salmerone,
1428 1464 1523 1532 credo
1537 1485 1584 1529 sa-

380 1582 493 1669 pendo
530 1581 720 1650 sarebbono
756 1580 799 1646 de
830 1579 999 1646 contrario
1034 1601 1163 1667 parere.
1197 1581 1456 1650 Nientedimeno
1486 1583 1585 1646 hanno

381 1697 499 1765 scritte
519 1719 580 1764 sue
599 1695 749 1783 ragioni‚
773 1705 807 1764 et
830 1695 1010 1764 informato
1031 1696 1201 1781 qualcuno
1227 1696 1260 1763 di
1289 1695 1400 1782 questi
1426 1687 1587 1784 principali

382 1813 535 1896 vescoui,
553 1822 588 1880 et
602 1835 662 1900 per
678 1812 751 1879 loro
766 1815 794 1878 s'
813 1813 832 1880 ὲ
849 1821 943 1879 tanto
959 1833 1077 1899 sparso
1089 1813 1139 1878 ira
1150 1809 1173 1877 li
1186 1812 1274 1894 altri,
1288 1815 1351 1880 che
1362 1813 1386 1878 l'
1404 1815 1523 1880 acordo
1533 1813 1587 1878 δ’ὁ

382 1929 511 2000 uoltato
528 1927 563 1994 in
579 1927 769 2010 disacord0,
787 1939 822 1994 et
837 1928 959 1994 dicono
974 1929 1039 1996 che
1054 1928 1083 1993 si
1098 1929 1164 1996 ben
1182 1927 1204 1993 il
1219 1951 1306 2014 papa
1323 1929 1493 1995 mostrassi
1514 1949 1587 1999 con·

383 2045 523 2113 tentarsi
538 2044 594 2112 del
609 2045 758 2126 decreto,
778 2044 801 2110 li
816 2043 955 2113 vescoui
971 2043 1028 2130 gia
1044 2041 1109 2110 mai
1126 2046 1160 2112 lo
1176 2065 1392 2131 passaranno.
1417 2045 1541 2134 Stando
1558 2044 1588 2144 le

381 2182 462 2230 cose
477 2161 560 2240 cosi,
578 2181 646 2226 non
662 2159 831 2246 possiamo
847 2159 969 2247 pigllar
985 2169 1082 2247 tropo
1095 2159 1221 2227 sicurth
1232 2163 1276 2229 de
1288 2162 1351 2227 che
1363 2159 1419 2228 alli
1437 2177 1472 2244 15
1485 2160 1517 2226 di
1529 2161 1575 2227 Lu

382 2275 453 2365 glio
467 2275 498 2342 'si
515 2275 621 2344 faccia
636 2276 668 2342 la
684 2274 847 2345 sessione.
867 2275 999 2343 Dicono
1015 2278 1079 2344 che
1095 2275 1128 2342 in
1146 2279 1253 2344 Roma
1269 2276 1298 2344 si
1314 2286 1417 2344 tratta
1436 2278 1521 2344 della
1541 2298 1586 2344 re-

381 2389 563 2460 formation
578 2391 622 2458 de
641 2374 816 2473 cardinali,
834 2400 869 2459 et
890 2392 1002 2476 quella
1023 2394 1087 2459 che
1108 2394 1178 2460 Sua
1199 2391 1270 2461 SA&
1291 2393 1415 2460 mando
1435 2415 1454 2460 a
1475 2395 1591 2459 Trento

381 2529 450 2576 non
466 2506 495 2574 si
511 2507 531 2574 ὲ
546 2527 669 2574 ancora
690 2505 872 2593 publicata.

449 2641 500 2692 12.
547 2623 585 2694 Si
600 2645 663 2690 son
679 2620 833 2692 riceuute
849 2624 970 2691 lettere
989 2623 1023 2690 di
1044 2625 1194 2710 Spagna,
1218 2633 1252 2690 et
1273 2645 1333 2710 per
1353 2625 1397 2691 V.
1423 2625 1464 2692 R.
1487 2645 1592 2691 uanno

379 2739 437 2828 qui
454 2749 506 2808 tre
521 2737 612 2826 quali
630 2739 775 2808 hauemo
792 2737 892 2808 uiste.
913 2741 1015 2808 Petra
1030 2760 1095 2826 pur
1110 2741 1154 2806 V.
1174 2741 1215 2808 R.
1234 2739 1384 2808 scriuere
1404 2741 1483 2825 quel
1498 2738 1591 2807 cheli

381 2877 461 2944 pare
476 2855 521 2925 de
537 2856 681 2941 qualche
695 2864 819 2941 punto,
831 2855 1070 2942 specialmente
1085 2853 1174 2922 della
1185 2856 1306 2923 lettera
1317 2856 1372 2924 del
1385 2859 1447 2924 Re
1465 2857 1508 2924 D.
1523 2857 1590 2924 An·

382 2971 485 3039 toni0.
505 2972 554 3039 Le
570 2972 690 3040 lettere
705 2971 760 3039 del
777 2973 844 3038 D.r
863 2971 975 3038 Araoz
990 2993 1074 3042 sono
1090 2970 1133 3040 de
1153 2991 1192 3060 19
1209 2971 1243 3037 di
1259 2975 1385 3040 Marzo.
1400 2975 1524 3040 Mostra
1534 2974 1593 3039 che

381 3091 426 3154 ha
440 3088 547 3154 molto
562 3085 711 3174 piaciuto
723 3085 758 3152 in
770 3087 882 3174 quella
894 3097 988 3156 corte
1003 3085 1027 3152 il
1042 3089 1138 3156 detto
1150 3087 1184 3155 di
1197 3089 1241 3156 N.
1257 3091 1297 3155 P.
1313 3087 1353 3155 de
1369 3089 1594 3156 communione

381 3203 443 3270 snb
458 3209 615 3290 utroque,
632 3212 667 3272 et
681 3204 746 3272 che
761 3205 870 3272 anche
889 3224 959 3271 non
978 3202 1074 3291 piace
1094 3203 1117 3270 li
1138 3206 1202 3273 che
1222 3204 1251 3272 si
1270 3205 1363 3272 tratti
1382 3206 1439 3273 nel
1458 3203 1594 3272 concilio

382 3320 471 3389 della
486 3316 731 3408 iurisdictione,
749 3338 809 3384 nec
824 3318 865 3385 de
885 3319 962 3385 inre
983 3320 1198 3394 residentiae.
1222 3322 1271 3388 Le
1290 3341 1371 3388 cose
1389 3322 1479 3390 della
1498 3321 1594 3389 Com-

382 3434 507 3524 pagnia
522 3435 777 3523 generalmente
793 3455 908 3502 uanno
923 3436 1012 3504 bene
1027 3435 1052 3502 ¹.
1077 3435 1175 3504 Altre
1190 3438 1309 3505 lettere
1324 3436 1383 3524 pio
1399 3437 1531 3508 hesche
1545 3457 1596 3504 as-

381 3561 531 3640 pettamo
547 3551 612 3618 alla
628 3549 796 3639 giornata.
815 3551 841 3618 ll
858 3574 895 3620 re
910 3553 955 3619 ha
972 3552 1056 3619 fatto
1072 3553 1217 3638 qualche
1232 3553 1342 3641 gratia
1361 3555 1426 3623 che
1446 3574 1483 3622 se
1503 3553 1597 3620 lido-

383 3668 508 3736 mando
524 3689 585 3755 per
599 3667 772 3750 Granada3
787 3678 821 3737 et
835 3689 881 3734 un
893 3667 990 3750 altra,
1004 3672 1069 3738 che
1084 3690 1121 3738 se
1136 3669 1160 3734 li
1175 3667 1344 3738 domando
1356 3691 1416 3757 per
1428 3670 1595 3749 Mallorca,

382 3787 578 3872 pensauano
595 3785 703 3852 anche
717 3785 762 3852 da
776 3793 869 3852 certo
885 3786 1036 3854 ha'uerla.
1055 3785 1081 3852 ll
1097 3784 1242 3873 negocio
1253 3783 1288 3853 di
1304 3786 1428 3873 Catate
1442 3786 1478 3853 fu
1489 3784 1597 3874 spedi-

385 3909 430 3982 to,
448 3899 542 3966 etha
559 3897 698 3967 lasciato
714 3897 793 3967 delli
806 3899 882 3968 suoi
897 3899 1015 3970 denari
1030 3922 1091 3987 per
1105 3921 1259 3988 comprar
1272 3920 1337 3970 200
1348 3901 1446 3970 scudi
1460 3901 1494 3970 di
1510 3899 1599 3970 censi
1721 3905 1722 3950 l

383 4037 444 4102 per
466 4014 622 4083 Garciaz.
645 4015 724 4083 Non
745 4035 866 4084 occore
886 4015 936 4083 dir
958 4016 1043 4084 altro
1063 4015 1099 4082 in
1120 4027 1252 4104 questa,
1270 4039 1376 4086 senon
1400 4020 1464 4085 che
1483 4017 1600 4086 stiamo

384 4130 485 4214 bene,
510 4140 545 4200 et
571 4130 602 4198 ci
631 4129 925 4222 raccomandiamo
944 4133 1049 4199 molto
1069 4133 1158 4202 nelle
1178 4131 1322 4201 orationi
1341 4133 1552 4202 et-sacrificii
1570 4133 1602 4200 di

384 4247 427 4315 V.
446 4247 488 4314 R.
506 4256 542 4314 et
556 4245 591 4314 di
607 4247 688 4315 tutti
703 4245 808 4333 quelli
823 4249 887 4316 che
902 4228 938 4316 εἴ
949 4258 1117 4316 truouano
1133 4249 1189 4318 nel
1200 4248 1347 4338 collegio
1359 4249 1393 4317 di
1405 4249 1549 4320 Vienna.
1562 4249 1602 4319 Di

384 4364 588 4450 Trento‚29
604 4362 639 4431 di
659 4363 803 4452 Giugno
824 4365 918 4450 1563.

439 4554 448 4587 ¹
486 4551 560 4623 Ms.‚
570 4553 731 4626 pecodessi.

438 4643 449 4677 ¹
486 4639 563 4698 Vide
576 4641 715 4715 epistolas
728 4643 846 4700 Petrum
861 4643 980 4718 Aegidii
998 4644 1147 4703 Gonzalez
1165 4645 1281 4718 Davila‚
1299 4653 1330 4702 et
1347 4635 1468 4703 Antonii
1485 4645 1524 4703 de
1535 4646 1602 4704 Cor·

385 4731 473 4805 doba,
486 4747 537 4790 nn.
552 4731 604 4806 289
617 4739 647 4790 et
660 4743 725 4807 292.
