3504 5386
272 523 277 536 .
388 486 442 558 530
779 461 785 474 ¹
847 489 955 544 Emsr.
978 487 1015 543 P.
1038 487 1151 542 Nauae

391 639 492 726 gio...
518 643 701 708 Promotus
724 641 759 707 in
781 663 897 708 sacrae
918 639 1110 726 theologiae
1129 641 1386 708 baccalaureum
1406 641 1590 709 Coloniae...

392 728 502 800 Docui
519 729 554 795 in
570 729 742 798 Societate
758 729 891 812 annis7
905 727 1159 815 grammaticam
1177 727 1386 813 disciplinam
1403 739 1438 797 et
1453 729 1590 816 logicam,

392 817 571 906 evangelia
587 819 667 886 item
684 831 718 886 et
735 817 991 886 catechismum.
1011 817 1059 905 [1,Ι
1070 837 1122 900 31,
1143 836 1197 901 32,
1216 817 1269 906 34]

464 926 491 972 1.
540 907 738 974 Alexander
755 909 905 994 Belseyr.
925 926 957 974 2.
976 905 1107 992 Viginti
1124 927 1241 972 annos
1263 927 1295 991 3.
1313 906 1461 976 Natione
1475 909 1591 994 anglus

392 995 567 1081 provincia
582 1019 663 1063 vero
679 1009 713 1062 et
730 997 837 1082 patria
853 994 1086 1062 oxoniensis...
1110 1014 1159 1060 12.
1175 995 1239 1061 Fui
1252 995 1285 1060 in
1299 995 1468 1064 Societate
1479 1019 1532 1082 per
1542 1018 1592 1062 an-

393 1106 488 1150 num:
505 1085 683 1172 8Januarii
697 1083 870 1171 sequentis
884 1083 936 1150 fui
945 1095 1101 1168 receptus
1112 1085 1146 1148 in
1160 1085 1306 1170 collegio
1316 1084 1593 1170 moguntinensi...

398 1191 448 1254 14.
468 1175 588 1257 Neque
609 1175 769 1240 sacerdos
790 1195 878 1252 sum,
902 1194 1013 1256 neque
1029 1172 1064 1238 in
1080 1173 1226 1256 aliquem
1242 1173 1504 1239 ecclesiasticum
1518 1173 1595 1239 ordi·

395 1284 472 1328 nem
485 1273 669 1346 promotus,
695 1277 745 1345 15.
764 1264 802 1328 ln
818 1263 926 1341 nul10,
945 1260 1008 1326 nisi
1026 1261 1061 1326 in
1081 1260 1146 1326 isto
1167 1262 1312 1346 collegio
1332 1262 1423 1328 fui...
1447 1265 1533 1330 Ante
1552 1262 1596 1326 in-

395 1373 551 1430 gressum
569 1350 604 1414 in
621 1351 827 1419 Societatem
843 1371 980 1436 operam
996 1349 1102 1416 literis
1117 1349 1207 1426 dedi,
1226 1351 1334 1436 primo
1350 1350 1383 1416 in
1403 1351 1507 1436 patria
1521 1371 1595 1431 mea,

396 1438 518 1506 deinde
534 1438 569 1503 in
589 1439 734 1524 collegio
755 1438 930 1507 aetonensi
951 1438 986 1504 in
1007 1439 1134 1524 Anglia
1155 1461 1213 1523 per
1234 1459 1255 1519 4
1281 1462 1388 1506 annos
1409 1439 1597 1506 humaniori·

395 1529 478 1607 bus,
507 1539 623 1612 postea
648 1527 772 1594 Oxonii
796 1527 999 1607 rhetoricae,
1030 1529 1165 1593 demum
1191 1528 1386 1595 Wintoniae
1408 1529 1443 1595 in
1469 1527 1599 1614 collegio

396 1615 611 1682 beatissimae
635 1617 787 1702 Virginis
811 1617 997 1684 rhetoricae
1017 1638 1076 1701 per
1097 1618 1183 1682 duos
1203 1639 1325 1684 annos:
1349 1619 1440 1685 unde
1457 1617 1598 1684 remissus

399 1706 442 1771 ad
468 1704 650 1790 collegium
678 1705 891 1772 beatissimae
912 1704 1081 1789 Virginis,
1108 1705 1234 1772 Oxonii
1261 1706 1439 1786 situatum,
1468 1706 1598 1792 philoso-

398 1793 498 1879 phiae
513 1793 653 1859 incubui
671 1795 741 1861 fere
756 1817 816 1878 per
833 1815 972 1872 annum,
988 1793 1127 1860 Lovanii
1141 1807 1253 1862 autem
1262 1795 1331 1880 juri
1344 1795 1433 1862 civili
1445 1817 1502 1881 per
1512 1816 1599 1878 quar-

396 1893 464 1948 tam
476 1881 555 1946 anni
571 1893 700 1966 partem
717 1881 865 1948 animum
882 1881 1040 1968 applicui.
1059 1882 1097 1970 [I,
1117 1883 1170 1968 37]

470 1989 498 2036 Ι.
547 1972 757 2036 alessandro
775 1973 934 2037 Cololino.
955 1989 985 2037 2.
1005 1972 1061 2037 Ha
1078 1990 1120 2051 24
1141 1970 1232 2037 anni.
1258 1991 1288 2055 3.
1313 1971 1454 2038 ltaliano
1473 1974 1514 2038 de
1533 1970 1600 2036 Fio—

399 2081 498 2126 renza
517 2058 638 2125 citta...
663 2077 695 2141 7.
716 2059 782 2126 Era
798 2061 946 2140 fornaro,
965 2081 985 2125 0
1001 2059 1128 2146 pistore
1144 2059 1293 2126 vitrario.
1317 2080 1367 2128 12.
1390 2063 1520 2146 Quatro
1535 2057 1600 2125 anni

397 2149 432 2214 fa
448 2150 511 2212 che
527 2150 547 2213 e
563 2147 718 2216 ricevuto
735 2149 824 2214 nella
841 2148 1064 2234 Compagnia,
1082 2149 1171 2214 nella
1187 2169 1265 2216 casa
1287 2151 1329 2218 de
1345 2153 1492 2216 Roma...
1514 2165 1556 2230 15.
1572 2149 1601 2212 ln

399 2236 543 2320 collegio
559 2257 697 2302 romano
718 2249 752 2304 et
773 2238 862 2304 nella
881 2258 1118 2303 casa·r0mana
1139 2251 1174 2303 et
1196 2237 1231 2302 in
1247 2239 1454 2322 lngolstadio
1475 2241 1517 2303 ha
1532 2238 1603 2302 latto

398 2323 525 2391 servitii
541 2325 584 2392 de
599 2346 689 2404 casa,
707 2338 753 2404 et,
773 2328 893 2393 adesso
909 2328 929 2392 e
944 2346 1064 2392 cuoco.
1083 2323 1120 2412 [1,
1141 2324 1194 2416 38]

472 2431 500 2478 1.
548 2415 745 2478 Alexander
764 2417 859 2480 Wot't.
880 2433 911 2480 2.
931 2416 1016 2482 Sum
1033 2426 1134 2481 natus
1151 2437 1257 2480 annos
1272 2413 1396 2502 viginti
1411 2416 1496 2480 duos
1508 2413 1603 2478 minus

401 2500 523 2568 medio
553 2521 584 2586 3.
614 2503 697 2570 Sum
726 2503 863 2570 natione
889 2505 1043 2583 boemus,
1073 2503 1287 2590 pragensis..
1319 2522 1368 2570 12.
1394 2506 1496 2571 Anao
1522 2515 1602 2585 1559,

332 2603 335 2616 “
405 2607 443 2672 17
461 2589 648 2671 Februarii,
668 2591 873 2658 Societatem
889 2591 1065 2677 ingressus
1083 2595 1224 2678 Pragae:
1246 2592 1460 2660 examinatus
1478 2613 1498 2656 a
1518 2593 1603 2656 Patre

404 2679 553 2744 Paulo..
585 2697 631 2761 14
658 2681 743 2748 Sum
764 2681 1004 2747 subdiaconus.
1032 2697 1083 2764 15.
1107 2683 1144 2747 ln
1166 2682 1259 2746 nullo
1280 2681 1345 2746 alio
1365 2680 1511 2766 collegio
1526 2677 1602 2742 liri...

410 2769 459 2834 18.
479 2769 570 2834 Vota
585 2780 749 2834 consueta
764 2771 874 2836 habeo
890 2771 932 2835 ab
950 2791 1039 2836 anno
1059 2771 1153 2861 15613
1173 2771 1263 2836 nulla
1280 2769 1355 2836 alia.
1377 2769 1413 2858 [l,
1433 2768 1487 2860 39]

473 2874 500 2922 1.
549 2857 755 2942 Alpltonsus.
783 2877 815 2924 2.
846 2857 977 2944 Viginti
1005 2870 1074 2926 tres
1102 2880 1221 2938 annos
1247 2870 1280 2926 et
1308 2858 1446 2944 insuper
1472 2857 1606 2942 quinque

402 2966 548 3024 menseS,
567 2956 771 3012 natussum.
792 2967 822 3030 3.
843 2949 926 3015 Sum
947 2946 1122 3032 hispanus,
1142 2970 1183 3013 ex
1202 2946 1339 3015 civitate
1355 2960 1390 3014 et
1405 2943 1548 3015 dioecesi
1562 2955 1605 3008 to-

403 3034 557 3099 letana...
582 3052 631 3100 12.
655 3037 833 3120 Ingressus
854 3057 929 3102 sum
951 3035 986 3100 in
1008 3035 1212 3104 Societatem
1230 3035 1318 3102 circa
1334 3058 1459 3101 annum
1476 3056 1549 3102 cum
1564 3029 1603 3097 di-

403 3121 505 3186 midio
526 3124 628 3207 paulo
653 3124 780 3202 minus,
803 3136 839 3190 et
860 3124 959 3208 jussu
983 3123 1093 3192 Patris
1116 3125 1222 3190 nostri
1239 3123 1406 3211 generalis
1427 3127 1550 3190 Romae
1568 3117 1608 3185 lui

402 3209 615 3277 examinatus
631 3234 650 3277 a
667 3214 769 3280 Patre
785 3213 949 3298 magistro
967 3214 1179 3280 Polancho...
1204 3233 1254 3295 14.
1274 3214 1355 3281 Sola
1365 3213 1474 3299 prima
1486 3225 1608 3277 tonsura

403 3320 478 3365 sum
491 3297 654 3366 initiatus.
675 3316 724 3384 15.
741 3303 936 3386 Antequam
949 3295 1192 3387 lngolsladium
1206 3301 1369 3382 mitterer,
1384 3301 1521 3370 Laureti
1534 3297 1605 3364 fui...

405 3386 490 3468 Legi
506 3400 680 3472 praeterea
696 3389 820 3456 nostris
837 3390 997 3456 iratribus
1012 3391 1225 3476 Despauterii
1239 3389 1492 3477 grammaticam
1506 3400 1539 3457 et
1549 3383 1608 3472 epi-

404 3477 508 3541 stolas
530 3475 704 3544 Ciceronis
724 3478 845 3563 viginti
869 3479 1001 3546 diebus.
1025 3479 1110 3566 Legi
1131 3491 1165 3546 et
1187 3479 1346 3546 Patribus
1365 3478 1472 3547 nostri
1492 3471 1609 3560 collegii

407 3565 589 3630 Lauretani
612 3588 632 3630 a
658 3588 774 3632 mense
802 3568 965 3634 Octobris
993 3590 1101 3652 usque
1121 3570 1164 3633 ad
1186 3569 1390 3635 dominicam
1413 3568 1447 3633 in
1469 3564 1611 3654 passione

406 3673 507 3718 casus
519 3653 741 3721 constientiae
753 3656 891 3722 alternis
901 3656 1033 3738 diebus,
1047 3657 1203 3724 docendo
1216 3670 1250 3725 et
1262 3659 1507 3725 conferendo...
1521 3649 1609 3742 [Sca]

410 3759 438 3808 1.
458 3743 489 3807 A
507 3751 669 3826 tempore,
696 3765 764 3828 quo
786 3744 931 3830 primum
952 3746 1192 3830 grammaticae
1213 3747 1349 3825 studui,
1371 3741 1610 3830 quatuordecim

407 3829 485 3896 anni
503 3831 662 3896 transacti
678 3845 770 3897 sunt:
790 3845 935 3916 quatuor
955 3834 990 3900 in
1010 3834 1129 3920 lingua
1148 3835 1268 3915 latina,
1292 3847 1438 3920 quatuor
1454 3835 1487 3900 in
1504 3832 1610 3900 artium

406 3917 592 3984 liberalium
606 3920 720 3985 studio
735 3943 828 3987 more
844 3923 1041 4006 hyspanico,
1060 3945 1099 3989 ac
1116 3923 1255 3990 totidem
1276 3923 1310 3989 in
1324 3924 1508 4010 theologia,
1522 3923 1609 3989 Com·

406 4007 613 4092 plutensium
636 4030 770 4078 more...
801 4008 926 4100 [Mag]
952 4032 979 4078 1.
1011 4014 1106 4096 Lego
1134 4012 1328 4080 Aristotelis
1350 4012 1555 4080 dialecticam
1576 4005 1613 4094 [al

408 4097 567 4179 paschate
592 4097 738 4181 Spiritus
765 4099 883 4168 Sancti
899 4101 978 4166 anni
1000 4103 1099 4184 1562,
1119 4099 1220 4186 idque
1241 4101 1386 4187 publice,
1407 4101 1613 4186 privatim,et

408 4184 528 4360 paullpI
544 4197 621 4270 post
644 4189 796 4364 epmdem
818 4189 950 4276 incoepi
971 4201 1117 4275 quatuor
1139 4189 1298 4256 fratribus
1318 4191 1441 4256 nostris
1462 4189 1613 4274 interpre-

408 4285 483 4338 tafl·
532 4291 663 4357 145'47

480 4379 507 4426 1.
548 4363 674 4429 Aionso
685 4365 725 4429 de
738 4367 771 4430 la
786 4367 948 4432 Cdmora.
964 4386 996 4434 2.
1012 4370 1065 4436 De
1077 4367 1200 4435 treinta
1212 4391 1234 4450 y
1246 4368 1307 4434 dos
1319 4378 1436 4452 anosy
1452 4367 1569 4434 medio.
1586 4383 1612 4446 3.

408 4450 505 4516 Dela
522 4451 694 4535 provincia
709 4455 753 4519 de
769 4454 920 4534 Castilla,
935 4458 990 4524 del
1003 4455 1109 4524 Villar
1124 4457 1180 4522 del
1199 4457 1274 4536 Rlo,
1292 4456 1455 4541 obispado
1470 4460 1513 4522 de
1526 4453 1611 4521 Cala-

408 4539 520 4604 horra.
529 4591 549 4605 ..
570 4558 620 4621 14.
641 4543 692 4607 En
705 4544 823 4610 Alcala
836 4546 877 4610 de
888 4546 1044 4612 Henares
1057 4547 1144 4611 dexo
1156 4547 1326 4612 ordenado
1338 4546 1370 4611 el
1384 4547 1424 4612 P.
1439 4544 1544 4612 Nadal
1557 4561 1614 4626 que

407 4648 464 4694 me
480 4625 696 4712 recibiessen,
715 4653 738 4716 y
753 4654 797 4699 en
812 4631 951 4700 iendose
966 4655 1021 4701 me
1036 4633 1266 4702 recibieron...
1287 4635 1337 4702 16.
1353 4635 1405 4700 En
1422 4637 1535 4720 Marco
1545 4635 1615 4698 hart
