3634 5396
749 495 917 554 aecurrunt
1386 501 1441 584 053

221 650 253 714 al
272 649 364 715 buen
385 647 552 732 essemplo
572 665 639 731 que
657 647 770 716 deuen
791 649 851 715 dar
873 649 925 714 los
945 649 989 715 de
1014 651 1047 717 la
1068 651 1257 738 Compam'a
1282 675 1349 740 que
1368 665 1442 722 este

221 738 387 805 mancebo
402 756 440 802 se
456 735 704 804 entretubiesse
719 741 799 821 aqui
819 743 892 803 mas
911 743 931 803 a
950 739 981 804 la
1005 740 1101 826 larga
1122 746 1269 809 acostas
1290 744 1393 824 della,
1419 764 1464 830 y.

221 831 287 893 assi
304 823 438 913 pareclo
453 845 490 892 se
507 834 660 892 tomasse
675 831 695 890 a
709 824 837 891 embiar
852 827 1083 913 aMallorqua.
1102 815 1143 896 El
1160 832 1204 896 ha
1220 831 1353 898 instado
1365 853 1442 899 mu·

220 918 285 982 cho
302 934 369 999 que
384 934 445 1000 por
461 913 566 1000 aigun
583 912 708 998 tiempo
724 915 861 980 todaula
876 915 908 981 le
925 925 1065 1002 tengan,
1083 939 1106 1003 y
1121 923 1187 985 assi
1205 941 1243 988 se
1259 923 1302 986 ha
1318 924 1440 988 hech0.

221 1005 490 1091 Creoesperara
516 1003 643 1088 alguna
669 1012 845 1087 respuesta
868 1004 910 1070 de
931 1007 1120 1091 Mallorqua
1139 1009 1182 1074 de
1202 1009 1236 1074 lo
1259 1029 1326 1093 que
1349 1012 1444 1076 abrla

219 1092 377 1178 escript03
395 1113 429 1176 y,
445 1111 573 1176 porque
585 1091 702 1176 podoa
714 1111 770 1158 ser
781 1111 848 1176 que
863 1093 929 1159 alla
940 1115 978 1162 se
990 1095 1205 1163 entiendesse
1217 1108 1290 1164 esta
1302 1099 1444 1166 historia

218 1184 262 1249 de
277 1191 350 1248 otra
366 1201 515 1262 manera,
534 1185 609 1246 sera
625 1179 703 1247 bien
719 1199 786 1265 que
803 1182 846 1247 V.
867 1183 907 1248 R.
926 1182 1037 1250 emble
1052 1184 1085 1250 la
1105 1197 1264 1270 presente
1283 1187 1316 1252 al
1332 1199 1444 1254 rector

218 1271 262 1336 de
276 1271 343 1348 alli,
361 1290 443 1354 para
458 1288 525 1352 que
540 1273 613 1334 estc
628 1269 824 1335 enformado
839 1271 883 1337 de
898 1271 931 1336 lo
948 1292 1015 1355 que
1038 1293 1154 1358 passa,
1178 1297 1201 1360 y
1217 1297 1261 1342 en
1276 1276 1310 1341 lo
1324 1276 1442 1342 demas

217 1357 511 1425 encommiendase
527 1363 547 1422 a
562 1358 594 1424 la
610 1357 770 1424 charidad
787 1357 829 1424 de
845 1360 888 1425 V.
908 1361 949 1425 R.
968 1361 1000 1426 01
1017 1371 1113 1430 tener
1129 1374 1254 1430 cuenta
1266 1385 1331 1430 con
1343 1365 1444 1450 aquel

219 1447 404 1534 collegio..
422 1447 475 1514 De
491 1448 609 1526 Roma,
628 1445 651 1511 li
668 1464 711 1528 24
731 1445 764 1512 di
786 1446 904 1532 Aprile
921 1449 1017 1532 1564.

737 1687 917 1754 XXXVIII

621 1838 656 1892 Β.
675 1836 828 1894 paruus
847 1836 1033 1895 commus

446 2031 453 2048 .
527 1955 678 2040 entur
713 1991 1130 2054 Jncosornrusz

551 2108 744 2193 Augustae,
764 2124 806 2192 29
822 2105 950 2191 Aprilis
970 2107 1054 2190 1564
1073 2109 1095 2173 ¹.

213 2239 336 2295 Natalis
345 2245 527 2296 curaturum
536 2255 566 2293 se
572 2239 715 2311 proonisit
727 2239 890 2310 ampliores
899 2239 971 2293 dori
977 2238 1145 2310 facultates
1153 2242 1212 2311 pro
1220 2240 1439 2296 haereticorum

285 2311 527 2367 reconciliatione
539 2311 573 2364 in
588 2308 767 2364 Germania:
782 2311 818 2364 de
831 2309 901 2376 ΡΡ,
919 2310 1075 2380 8111ον1110,
1090 2310 1166 2364 Piso
1178 2315 1206 2364 et
1218 2311 1360 2366 Peltano.

285 2426 405 2497 ...Scio
432 2427 609 2514 episcopos
635 2426 691 2492 hic
718 2427 863 2493 multum
890 2427 1016 2508 ualere,
1044 2427 1105 2494 sed
1132 2425 1367 2494 destituuntur
1390 2427 1439 2494 illi

212 2538 351 2604 quoque
367 2518 540 2598 facultate,
558 2535 660 2601 quam
677 2514 750 2581 aliis
765 2514 1025 2602 subpastoribus
1046 2515 1089 2580 ad
1110 2516 1336 2582 absoluendos
1356 2519 1439 2584 hae—

213 2606 337 2672 reticos
353 2605 553 2692 largiantur.
577 2606 687 2672 Vetus
703 2615 755 2672 est
769 2605 855 2670 haec
875 2604 1023 2689 querela,
1042 2613 1076 2670 et
1098 2603 1225 2690 optime
1240 2615 1322 2670 nota
1344 2606 1439 2672 Patri

213 2692 457 2773 commissario,
475 2693 533 2778 qui
549 2691 703 2779 promisit
718 2691 899 2777 aliquando
915 2715 952 2760 se
964 2691 1094 2758 ratione
1105 2693 1253 2777 quadam
1265 2705 1435 2776 acturum,

212 2793 254 2849 ut
268 2783 358 2849 circa
373 2805 534 2850 censuras
550 2780 795 2850 ecclesiasticas
811 2803 889 2846 cum
906 2780 1078 2867 germanis
1094 2780 1294 2848 clementius
1315 2803 1437 2868 agere-

211 2883 282 2954 tur,
300 2870 495 2957 praesertim
513 2882 551 2937 ut
566 2871 731 2936 bonorum
748 2869 991 2948 ministrorum,
1017 2869 1075 2955 qui
1097 2870 1224 2936 uolunt·
1239 2881 1273 2937 et
1293 2883 1437 2955 possunt

211 2983 287 3028 rem·
301 2960 402 3026 tutari
419 2959 632 3039 catholicam,
650 2957 755 3024 maior
771 2958 857 3024 ratio
873 2958 907 3024 in
923 2959 1006 3026 vrbe
1021 2958 1215 3026 haberetur.
1232 2960 1360 3026 Verum
1377 2981 1438 3027 ex·

211 3049 424 3136 pectabimus
439 3047 601 3115 iudicium
614 3049 655 3115 R.
675 3049 716 3114 T.
735 3057 769 3112 et
785 3046 928 3133 gratiam
945 3046 1068 3112 summi
1082 3047 1269 3132 pastoris...

279 3139 332 3205 De
349 3141 389 3204 P.
412 3136 611 3206 Schorichio
630 3136 679 3202 sic
698 3135 797 3201 nobis
821 3135 968 3217 uidetur,
994 3157 1062 3202 non
1086 3155 1186 3221 posse
1213 3135 1307 3200 illum
1337 3135 1436 3202 facile

212 3227 394 3294 Monachio
416 3225 594 3304 dimoueri‚
623 3224 688 3290 nisi
712 3225 820 3292 altero
842 3221 1030 3290 substituto
1050 3223 1300 3291 concionatore:
1324 3245 1438 3309 neque

212 3326 327 3382 tamen
342 3314 425 3381 satis
444 3314 654 3392 conueniret,
678 3324 716 3378 ut
736 3312 849 3379 statim
873 3312 953 3379 illuc
976 3313 1104 3381 rediret
1125 3315 1166 3378 P.
1191 3313 1370 3395 Martinus,
1392 3337 1437 3382 110

213 3403 470 3483 tentationibus
490 3423 574 3488 quas
590 3411 690 3469 antea
710 3413 850 3487 propter
869 3412 1034 3469 rectorem
1058 3413 1093 3469 et
1115 3402 1278 3487 populum
1301 3401 1435 3485 habuit,

211 3491 335 3558 iterum
363 3491 573 3571 subiiciatur,
605 3491 694 3557 sicut
724 3489 857 3558 rectius·
880 3490 978 3556 nouit
1005 3493 1109 3558 Pater
1139 3489 1432 3557 commissarius..

212 3580 340 3667 Scripsi
355 3591 527 3666 postremo
547 3579 756 3666 lngolstadii,
780 3601 835 3647 me
855 3581 924 3645 huc
945 3601 965 3646 a
988 3581 1032 3646 D.
1055 3581 1217 3665 Fuggera
1237 3590 1435 3647 reuocatum

212 3691 300 3752 esse,
318 3679 357 3736 ut
374 3668 543 3736 uisitando
559 3669 607 3734 illi
623 3667 768 3754 collegio
784 3689 854 3734 non
871 3667 1039 3754 potuerim
1056 3677 1133 3734 octo
1149 3667 1222 3735 dies
1238 3667 1434 3733 (101011011-

212 3759 271 3842 qui
294 3768 408 3826 tamen
432 3759 552 3825 fratres
572 3761 758 3840 utcumque
779 3755 978 3840 tranquillos
999 3765 1033 3824 et
1052 3755 1253 3822 incolumes.
1277 3755 1435 3824 Satisfeci

211 3845 326 3930 etiam,
357 3858 395 3912 ut
421 3846 529 3932 potui,
558 3845 717 3931 antiquae
743 3846 880 3913 scholae
907 3843 1167 3931 professoribus
1199 3855 1237 3910 ut
1266 3844 1437 3929 patienter

210 3945 393 4021 expectent
409 3935 552 4022 gratiam
568 3934 604 4000 in
619 3945 784 4001 autumno
800 3933 967 4019 sequenti.
986 3933 1093 4000 Nouit
1113 3955 1195 4001 sane
1218 3935 1319 3999 Pater
1339 3954 1436 3999 com-

210 4023 396 4104 missarius
414 4035 490 4110 post
507 4034 560 4090 tot
575 4045 682 4090 annos
697 4022 818 4090 merito
833 4021 898 4087 illis
918 4021 1044 4107 aliquid
1065 4022 1322 4090 concedendum
1344 4044 1433 4102 esse,

210 4122 251 4178 ut
266 4114 308 4178 ad
324 4111 451 4179 maiora
466 4123 502 4181 et
516 4112 581 4198 ipsi
596 4111 709 4178 studia
725 4121 910 4190 transeant,
928 4120 963 4177 et
984 4110 1122 4196 propius
1144 4109 1328 4196 attingant,
1347 4122 1446 4196 quael*

210 4212 292 4268 sunt
306 4200 413 4268 nostri
429 4200 613 4270 instituti...
631 4202 677 4268 D.
693 4199 807 4266 Pisam
819 4210 854 4266 et
864 4200 909 4266 D.
925 4199 1119 4282 Peltanum‚
1132 4198 1223 4265 inter
1235 4220 1320 4284 quos
1333 4220 1434 4285 saepe

210 4311 280 4356 non
295 4289 423 4377 optime
438 4288 612 4371 conuenit,
630 4289 754 4357 iterum
770 4287 886 4355 studui
903 4286 1095 4369 conciliare,
1110 4297 1149 4353 ut
1161 4309 1296 4354 omnem
1309 4308 1432 4354 ranco-

210 4378 257 4445 ris
272 4389 307 4447 et
326 4377 542 4448 emulationis
562 4391 676 4445 notam
696 4379 902 4464 effugerent,
925 4397 1038 4461 neque
1058 4377 1142 4443 alter
1163 4377 1329 4444 aduersus
1348 4377 1434 4445 alte-

264 4597 273 4628 *
310 4593 355 4648 ax
376 4593 551 4663 archetypo,
571 4589 602 4646 In
624 4590 726 4662 spat.
754 4587 887 4654 canisii,
911 4589 937 4659 1,
961 4585 1012 4657 1³4
1033 4586 1111 4657 (460,
1136 4585 1199 4657 461,
1222 4585 1330 4660 4o[2]).
1353 4563 1448 4643 vue'

207 4661 300 4736 epist.
317 4664 380 4735 265,
395 4681 428 4720 11.
445 4677 472 4734 9;
487 4675 550 4735 274,
563 4680 597 4718 11.
614 4673 641 4731 7;
657 4669 688 4718 et
700 4659 837 4734 append„
851 4660 894 4730 XI
907 4661 949 4728 (a.

317 4795 405 4844 Error.
421 4795 454 4842 P.
470 4795 571 4851 Nonas,
585 4793 654 4840 Tou.
670 4791 706 4839 11.
1299 4789 1327 4836 13
