3666 5384
612 385 804 442 Pnooarnurr
823 398 961 444 saeuum
979 399 1152 446 toruumrs

326 877 371 942 P.
392 877 610 946 NATALIS
625 879 886 948 EPISTOLAE
903 881 967 948 AB
983 882 1118 950 ANNO
1140 885 1222 967 1562
1240 885 1306 952 AD
1328 886 1410 970 1565

314 1107 403 1174 Tria
420 1109 468 1174 de
483 1109 590 1194 hujus
604 1109 786 1177 voluminis
802 1109 955 1197 epistolis
970 1133 1031 1198 pro
1052 1133 1145 1183 more
1166 1125 1283 1182 nostro
1303 1116 1359 1183 hic
1374 1117 1493 1186 decla-

240 1223 371 1292 randa:
398 1241 487 1292 1,um
508 1225 633 1292 Earum
648 1247 825 1296 numerus.
850 1243 935 1294 2,um
958 1228 1079 1296 Genus
1099 1240 1134 1297 et
1155 1240 1287 1299 natura.
1309 1247 1394 1316 μω
1418 1234 1491 1300 Ar-

245 1350 425 1424 gumenta
441 1339 479 1406 in
496 1339 562 1407 illis
577 1351 792 1427 pertractata.

323 1707 353 1758 1.
405 1689 641 1776 Epoaurum
654 1694 967 1759 numerus-Post
991 1693 1130 1760 Natalis
1146 1693 1496 1781 Ephemerides,epi-„

246 1806 361 1874 stolas
382 1823 446 1889 140
461 1815 497 1872 et
512 1806 602 1872 ultra
616 1806 682 1873 hoc
697 1807 858 1876 volumen
873 1807 1123 1896 complectitur,
1141 1810 1184 1876 ab
1201 1808 1342 1878 exordio
1353 1809 1486 1880 scilicet

248 1922 430 1990 secundae
446 1921 490 1988 ad
505 1919 602 1989 initia
617 1941 726 2008 usque
743 1922 862 1992 tertiae
877 1923 1008 1991 Natalis
1020 1924 1189 1992 missionis
1201 1923 1237 1990 in
1249 1925 1482 2009 Germaniam

245 2059 269 2104 a
284 2059 407 2105 mense
423 2036 670 2125 scilicetJunio
688 2037 768 2104 anni
789 2039 871 2122 1562
888 2039 932 2106 ad
951 2039 1054 2108 finem
1075 2039 1155 2106 anni
1181 2041 1275 2124 1565.
1300 2040 1484 2108 Accedunt

247 2152 419 2240 plurimae
435 2151 599 2239 epistolae
613 2152 669 2222 vel
689 2154 881 2239 fragmenta
901 2153 1090 2222 litterarum
1107 2153 1240 2240 aliaque
1261 2167 1484 2226 monumenta

244 2267 429 2348 historica,
447 2267 521 2336 sive
541 2267 577 2334 in
596 2267 888 2352 annotationibus,
906 2291 967 2338 seu
989 2268 1023 2336 in
1045 2269 1242 2357 appendice,
1261 2271 1304 2337 ad
1320 2270 1482 2358 epistolas

242 2381 384 2450 Natalis
404 2383 634 2463 illustrandae,
657 2383 755 2450 etad
781 2359 896 2451 resin
918 2383 983 2451 illis
1010 2395 1184 2453 enarratas
1205 2386 1328 2453 clarius
1349 2385 1480 2455 intelli·
1533 2397 1535 2402 '

245 2499 395 2585 gendes.
420 2500 521 2585 Quae
545 2498 681 2584 quidem
702 2499 827 2580 omnia,
849 2511 910 2567 aut
932 2499 1001 2568 fere
1017 2499 1142 2581 omnia,
1161 2510 1200 2566 ut
1216 2499 1299 2568 alias
1315 2500 1477 2584 diximus,

248 2635 345 2682 nunc
361 2613 507 2702 primum
524 2613 615 2701 typis
626 2614 855 2681 excuduntur.

317 2731 406 2797 lllud
421 2741 536 2797 autem
552 2731 712 2798 hocloco
728 2729 1078 2800 animadvertendum:
1098 2753 1140 2800 ex
1156 2730 1320 2818 epistolis,
1338 2751 1427 2816 quae
1443 2731 1480 2800 in

247 2849 315 2913 hac
330 2845 419 2915 serie
435 2845 478 2912 ad
494 2847 652 2913 Natalem
664 2855 840 2932 spectante
851 2845 950 2914 nobis
963 2847 1115 2916 edendae
1128 2856 1324 2933 supersunt,
1339 2845 1478 2914 uberio-

245 2983 322 3028 rem
337 2972 491 3049 segetem
507 2961 551 3027 ad
568 2961 701 3028 tertiam
720 2962 873 3047 ejusdem
895 2961 930 3028 in
950 2961 1170 3031 Germaniam
1192 2960 1390 3031 missionem
1410 2964 1477 3030 sub

243 3077 286 3146 S.
306 3076 488 3144 Francisco
505 3077 549 3143 de
565 3077 666 3162 Bon'a
681 3076 862 3162 pertinere;
882 3099 1010 3164 paucae
1031 3077 1121 3144 enim
1142 3098 1185 3145 ex
1205 3077 1271 3144 illis
1287 3077 1475 3164 perierunt,

242 3202 349 3278 prout
363 3191 398 3258 in
415 3191 516 3260 tertio
531 3191 704 3259 volumine
720 3191 900 3260 videbitur.
918 3192 1091 3279 Epistolae
1106 3213 1200 3275 ver0,
1219 3191 1292 3260 sive
1308 3202 1475 3280 autogra-

244 3309 346 3393 phae,
364 3307 437 3377 sive
452 3308 671 3394 archetypae,
690 3309 734 3374 ad
750 3311 790 3375 Ρ.
811 3307 936 3375 Lainez
953 3307 1154 3376 Tridentum
1170 3317 1204 3375 et
1217 3307 1260 3374 ad
1273 3305 1356 3374 alios
1368 3329 1389 3373 a
1400 3309 1475 3376 Na-

244 3421 305 3490 tali
320 3422 356 3489 in
371 3425 436 3491 hac
452 3423 605 3504 secunda
619 3421 825 3491 Germaniae
840 3422 1035 3491 visitatione
1051 3422 1276 3509 conscriptae,
1295 3421 1324 3489 si
1340 3443 1474 3508 paucae

239 3537 470 3626 excipiantur,
493 3537 637 3606 amissae
658 3540 814 3620 fuerunt,
837 3539 872 3604 ni
894 3538 1057 3620 fallimur,
1079 3538 1190 3604 multo
1209 3547 1289 3606 ante
1309 3558 1474 3624 praesens

241 3655 429 3722 saeculum.
447 3653 600 3723 Tametsi
615 3677 698 3723 vero
714 3653 809 3741 ipsae
823 3653 986 3741 epistolae
999 3652 1202 3734 interierint,
1217 3673 1296 3720 cum
1310 3674 1475 3739 responsa

239 3773 427 3858 archetypa
439 3769 554 3838 Patris
566 3769 692 3839 Lainez
705 3771 748 3836 ad
760 3769 929 3852 Natalem,
944 3768 1101 3837 Tridenti
1111 3768 1204 3850 data,
1216 3778 1376 3835 accurate
1387 3788 1471 3836 con-

236 3897 433 3967 serventur,
453 3909 497 3954 ex
513 3885 633 3953 iisdem
649 3885 928 3972 responsionibus
948 3905 1017 3951 non
1038 3885 1149 3951 solum
1166 3883 1305 3970 negotia
1321 3905 1341 3950 a
1357 3883 1473 3951 Natali

233 4001 275 4069 in
290 4002 361 4070 suis
375 4000 532 4090 epistolis
548 4000 713 4089 exposita,
732 4003 792 4070 sed
808 3999 911 4068 etiam
926 4012 1077 4086 tempora
1090 4010 1125 4069 et
1136 4000 1223 4082 loca,
1241 3998 1298 4065 ubi
1311 3997 1401 4065 illius
1413 3997 1471 4065 lit-

236 4127 331 4187 terae
341 4120 444 4187 datae
457 4117 598 4186 fuerunt
613 4116 748 4204 saepius
760 4115 914 4196 delinire,
929 4115 1024 4182 nullo
1036 4117 1092 4184 vel
1104 4126 1198 4183 certe
1212 4113 1301 4182 facili
1313 4113 1470 4200 negotio,

235 4233 334 4302 nobis
357 4233 470 4302 licuit.

298 4350 474 4438 Epistolae
489 4371 510 4416 a
527 4349 690 4429 Polanc0,
708 4369 752 4416 ex
771 4345 1010 4416 commissione
1027 4349 1067 4414 P.
1091 4344 1229 4426 Lainez,
1249 4345 1292 4411 ad
1308 4345 1471 4412 Natalem

228 4467 343 4548 datae,
368 4487 460 4554 quae
480 4463 620 4551 quidem
641 4465 802 4550 majorem
822 4459 927 4549 hujus'
945 4461 1128 4529 voluminis
1149 4471 1293 4548 partem,
1315 4459 1471 4545 exceptis

231 4581 497 4669 appendicibus,
516 4581 680 4661 conflant,
695 4601 737 4649 ex
749 4579 832 4666 ipsis
849 4577 1021 4666 Regestis,
1035 4575 1190 4646 Tridenti
1202 4577 1268 4644 sub
1284 4574 1392 4642 oculis
1406 4576 1471 4642 Pa·
