3478 5384
382 415 435 470 286
799 413 905 468 Errsr.
929 410 961 467 Ρ.
983 409 1184 480 Nauna-277

379 577 487 654 parte.
507 567 592 644 Mas
611 586 710 631 como
727 564 927 649 quietaque
943 573 1102 644 estosea,
1124 564 1168 630 N.
1188 565 1228 630 P.
1247 561 1395 632 acuerda
1410 585 1452 630 su
1467 565 1573 650 protes

377 681 453 748 sidn
474 683 493 746 ¹.
513 682 690 747 Hemonos
705 679 886 746 consolado
902 681 941 744 in
956 680 1106 745 Domino
1121 699 1188 764 que
1204 679 1366 745 lascesas
1381 679 1436 744 del
1452 679 1587 766 collegio

376 799 420 864 de
436 795 571 862 Vienna
587 816 697 880 uayan
712 793 803 875 bien,
822 816 844 879 y
859 815 927 879 que
941 817 979 862 se
994 815 1082 880 ayan
1098 795 1303 878 comencado
1314 799 1334 860 a
1345 815 1452 880 poner
1466 815 1510 860 en
1520 795 1587 880 pla-

377 912 443 979 tica
463 912 514 978 las
540 931 637 977 cosas
657 929 725 992 que
744 910 788 975 V.
812 911 853 976 R.
876 909 925 974 les
945 911 1032 976 dexd
1055 909 1243 976 ordenadas
1270 909 1294 976 ³.
1321 909 1386 976 Del
1411 908 1538 975 embiar
1557 910 1587 976 el

377 1029 460 1094 Μ.το
488 1024 658 1111 Gregorio
679 1025 690 1058 ³
713 1029 733 1090 a
753 1026 872 1104 Roma,
894 1030 915 1089 a
933 1025 977 1091 N.
1003 1025 1042 1089 P.
1065 1044 1186 1108 parece
1203 1023 1296 1102 bien,
1322 1023 1468 1092 auiendo
1490 1023 1584 1110 quien

374 1138 529 1208 sustituir
545 1161 588 1206 en
604 1161 644 1205 su
661 1141 772 1225 lugat,
791 1159 857 1223 que
872 1141 963 1224 haga
982 1159 1046 1204 con
1067 1137 1262 1204 satisfacidn
1283 1139 1315 1205 el
1330 1137 1441 1205 officio
1455 1140 1500 1206 de
1515 1161 1586 1224 pre-

372 1255 478 1323 dicar.
493 1257 569 1322 Con
580 1264 654 1321 esto
665 1276 703 1322 se
715 1256 759 1321 ha
771 1253 986 1340 respondido,
1000 1252 1065 1323 alo
1077 1274 1143 1338 que
1154 1253 1232 1339 pide
1244 1263 1431 1340 respuesta,
1449 1255 1531 1322 alas
1541 1255 1582 1322 le·

376 1383 446 1438 tras
461 1373 505 1439 de
521 1372 566 1438 V.
580 1372 620 1437 R.

447 1507 496 1553 10.
546 1487 612 1552 Los
632 1486 676 1553 de
696 1484 838 1551 Colonia
857 1487 925 1550 han
946 1483 1101 1552 embiado
1121 1489 1183 1549 aea
1207 1482 1330 1551 ciertos
1357 1485 1500 1571 scriptos
1527 1506 1590 1570 que

375 1605 441 1668 han
458 1604 568 1668 hecho
585 1611 703 1678 contra
719 1600 864 1685 algunos
875 1601 1020 1684 hereges
1035 1617 1133 1664 como
1148 1599 1180 1664 el
1196 1598 1384 1680 Kemnizi0,
1402 1601 1591 1685 Hartopero

373 1740 395 1803 y
413 1719 574 1797 Monhe0,
591 1738 614 1802 y
629 1722 649 1782 d
664 1717 708 1782 Ν.
728 1717 768 1781 Ρ.
788 1718 854 1781 han
875 1713 1031 1800 parecido
1052 1714 1142 1795 bien,
1164 1736 1187 1799 y
1207 1714 1338 1783 daseles
1362 1713 1501 1782 licencia
1525 1737 1590 1801 que

372 1833 425 1899 los
437 1843 624 1916 estampen,
642 1852 727 1916 pues
743 1841 815 1898 este
830 1829 943 1897 medio
959 1851 1003 1895 no
1019 1849 1056 1896 es
1067 1829 1111 1896 de
1127 1831 1178 1896 los
1193 1849 1260 1914 que
1280 1851 1398 1896 menos
1418 1842 1590 1896 momento

372 1945 485 2016 tienen
501 1967 583 2032 para
598 1945 698 2012 aiuda
713 1947 755 2012 de
772 1947 804 2012 la
815 1944 958 2031 religion
975 1966 1017 2010 en
1033 1945 1200 2010 Alcmana
1216 1944 1240 2009 ⁴.
1260 1945 1384 2030 Queda
1406 1967 1588 2013 encomen-

370 2063 496 2128 darnos
512 2062 636 2126 mucho
653 2061 761 2140 todos,
779 2070 860 2140 etc.;
883 2083 906 2144 y
922 2056 1181 2144 especialmente
1201 2058 1393 2126 saludamos
1408 2060 1441 2126 al
1463 2062 1504 2127 Ρ.
1523 2060 1590 2128 Lo-

373 2197 476 2242 renzo
504 2177 532 2255 ³,
562 2176 604 2242 de
631 2196 718 2259 cuya
745 2173 931 2260 professidn
962 2195 985 2259 y
1016 2175 1122 2260 grado
1153 2194 1344 2258 esperamos
1371 2175 1485 2256 auiSO,
1514 2197 1538 2260 y
1561 2175 1591 2242 al

373 2293 411 2357 Ρ.
427 2294 525 2379 Jaen,
543 2296 601 2376 ya
621 2291 671 2356 los
686 2291 802 2356 demas
823 2309 889 2373 que
910 2290 953 2355 V.
979 2291 1018 2355 R.
1043 2288 1200 2373 quisiere.
1223 2290 1253 2354 Y
1275 2289 1370 2357 auise
1390 2295 1410 2356 a
1430 2292 1473 2357 N.
1493 2293 1533 2357 P.
1558 2292 1590 2356 lo

371 2429 439 2490 que
459 2405 567 2475 siente
586 2406 630 2472 de
648 2406 681 2471 la
703 2403 889 2490 profession
912 2405 968 2471 del
988 2407 1049 2470 D.r
1066 2407 1153 2492 Jaen
1181 2405 1206 2470 ⁸.
1229 2406 1283 2471 De
1310 2406 1458 2486 Trento,
1490 2408 1528 2473 18
1550 2406 1592 2474 de

371 2524 475 2607 Mayo
495 2522 588 2606 1563.

437 2640 490 2704 De
512 2638 563 2703 las
582 2635 752 2702 comedias
775 2635 962 2736 escreuirse
980 2636 1024 2700 ha
1044 2641 1064 2700 a
1083 2637 1203 2716 Roma,
1227 2634 1457 2704 embidndoles
1480 2637 1512 2702 el
1536 2658 1591 2704 es-

373 2821 582 2832 u——u-—n

418 2938 434 2974 -ι
472 2931 547 2986 Vide
560 2931 646 3003 epist.
662 2929 724 3000 263,
738 2948 767 2986 n.
788 2943 831 2985 11.

424 3021 435 3052 ¹
472 3020 546 3076 Vide
560 3020 672 3074 litteras
688 3019 915 3092 quadrimestres
928 3017 1045 3089 collegii
1059 3017 1227 3074 viennensis
1241 3017 1270 3074 in
1283 3019 1419 3090 append,
1434 3021 1514 3075 XIV.

424 3111 435 3141 ³
472 3107 632 3180 Gregorius
646 3106 764 3178 Fabius,
778 3107 809 3162 ni
822 3106 959 3178 fallimur,
972 3107 1079 3180 dequo
1092 3107 1160 3162 vide
1172 3108 1315 3179 append,
1330 3109 1357 3164 l.

424 3199 435 3232 ⁴
472 3198 547 3253 Vide
562 3197 651 3269 epist.
669 3209 731 3266 245,
746 3213 778 3251 n.
797 3194 839 3250 13.
854 3195 989 3252 Caninius
1002 3195 1050 3251 die
1068 3195 1084 3250 8
1102 3195 1170 3266 Maji
1191 3195 1258 3264 1563
1276 3197 1354 3252 Patri
1367 3197 1486 3268 Lainez,
1510 3209 1590 3272 post-

367 3286 505 3359 quamde
518 3285 642 3359 quodam
656 3284 765 3357 scripto
781 3284 928 3340 Francisci
946 3283 1062 3339 Costeri
1079 3284 1220 3340 adversus
1237 3286 1416 3364 haereticum
1433 3289 1589 3360 quemdam

367 3385 479 3447 ageret,
494 3377 566 3430 haec
579 3373 668 3430 addit:
683 3373 750 3429 «Sic
768 3373 827 3443 ille,
842 3375 892 3428 ubi
911 3391 963 3429 nos
976 3373 1114 3428 admonet
1125 3373 1163 3428 de
1180 3375 1288 3446 scripto
1305 3375 1433 3447 theologi
1446 3376 1589 3434 aduersus

368 3463 548 3521 Cemnitium
562 3461 689 3530 edendo,
703 3462 781 3535 quod
794 3463 904 3517 utinam
922 3479 980 3518 non
997 3461 1070 3517 adeo
1083 3463 1195 3533 prolixe
1212 3464 1391 3533 instituatur,
1410 3475 1443 3520 ut
1459 3467 1587 3537 plaeros-

365 3572 425 3628 que
438 3561 585 3624 emptores
598 3551 723 3622 pretium
737 3550 802 3606 libri
815 3550 973 3619 deterreat,
986 3550 1230 3625 quemadmodum
1243 3569 1331 3624 saepe
1345 3553 1408 3608 fieri
1424 3556 1501 3610 solet
1531 3556 1588 3613 Ce·

368 3642 488 3698 mnitius
500 3649 598 3697 autem
612 3642 778 3696 nouaclum
795 3641 895 3710 latine,
908 3640 961 3695 sed
973 3641 1061 3695 etiam
1073 3639 1241 3711 germanice
1259 3659 1335 3696 nunc
1352 3659 1455 3698 recens
1468 3644 1588 3716 scripsit

362 3733 506 3788 aduersus
518 3741 671 3796 tESVITAS,
684 3737 714 3784 et
727 3745 865 3800 magnum
881 3747 952 3784 sane
965 3729 1132 3784 scandalum
1145 3729 1213 3784 inde
1225 3730 1302 3786 redit
1314 3729 1351 3786 ad
1361 3748 1527 3803 germanos,
1540 3743 1587 3790 ut·

367 3830 434 3894 pote
447 3822 512 3892 plus
526 3820 597 3874 satis
618 3817 762 3886 infirmos;
775 3817 881 3889 quibus
894 3818 919 3872 si
937 3818 1072 3890 opitulari
1090 3819 1226 3886 nolimus,
1245 3835 1302 3874 nou
1315 3820 1433 3875 minima
1446 3839 1512 3894 pars
1526 3822 1588 3879 fru-

363 3919 443 3980 ctus,
457 3927 544 3982 quem
558 3925 635 3963 nunc
651 3908 732 3962 Deus
751 3925 803 3978 per
819 3916 932 3962 nostros
949 3908 1062 3979 operari
1078 3907 1232 3978 dignatur,
1249 3907 1383 3979 impediri
1400 3926 1486 3981 posse
1504 3913 1588 3974 vide-

364 4008 442 4058 tur.»
460 3999 505 4052 Ex
522 3998 691 4068 archetypo,
704 3995 734 4050 in
751 3995 851 4066 Epist.
871 3994 1000 4062 Caunii,
1022 3997 1047 4066 1,
1068 4008 1117 4065 115
1132 3993 1197 4067 (293
1214 4001 1256 4065 v).
1274 3997 1330 4052 Die
1347 4006 1446 4054 autem
1465 4013 1497 4068 14
1514 4001 1587 4072 Maii

368 4084 436 4155 1563
446 4085 483 4140 de
497 4102 582 4155 supra
596 4083 762 4138 memoratis
771 4084 980 4139 coloniensium
991 4084 1107 4156 scriptis
1122 4085 1162 4141 ita
1176 4083 1213 4140 ad
1223 4083 1357 4140 eumdem
1369 4086 1502 4144 Laiuium
1516 4090 1588 4146 scri-

363 4177 464 4230 bebat:
480 4175 693 4244 «Expectamus
705 4172 816 4244 reliqua
824 4173 1034 4228 coloniensium
1044 4174 1162 4246 scripta,
1172 4183 1204 4228 ut
1213 4174 1273 4228 cito
1282 4175 1476 4246 remittamus,
1486 4196 1590 4251 quem-

363 4265 520 4320 admodum
538 4262 580 4318 illi
598 4263 748 4334 postulare
761 4261 907 4319 videntur.
931 4263 1087 4318 Curabitur
1109 4263 1197 4318 etiarn
1219 4271 1251 4318 ut
1273 4263 1310 4317 ad
1331 4263 1426 4320 Prem.
1450 4265 1591 4326 Natalem

363 4352 560 4422 destinentur,
573 4351 598 4406 si
619 4367 694 4423 quae
716 4367 801 4422 porro
818 4351 970 4407 iudicanda
984 4353 1182 4409 transmittent
1194 4353 1344 4412 Colonia.»
1359 4355 1402 4408 Ex
1414 4355 1592 4431 archetypo,

364 4444 419 4498 loc.
435 4443 504 4511 cit.,
521 4453 571 4510 117
583 4437 670 4508 (302).

418 4533 429 4565 ⁵
468 4528 611 4600 Maggius.
625 4528 700 4584 Vide
714 4530 802 4600 epist.
820 4529 882 4599 2643
897 4530 960 4601 265,
974 4548 1002 4585 n.
1021 4543 1044 4598 13
1059 4541 1090 4586 et
1102 4529 1162 4598 2⁶8,
1178 4549 1208 4586 n.
1231 4545 1255 4586 r.

417 4621 428 4654 θ
468 4618 542 4674 Vide
556 4617 642 4690 epist.
663 4615 725 4687 263,
740 4635 769 4673 n.
785 4631 830 4674 11.
