3604 5380
689 419 690 424 η
811 382 879 452 1562

758 619 942 668 SEGOUIAE,

803 834 886 886 1562

292 1001 364 1068 Hic
375 1013 474 1070 erant
486 1000 700 1070 incommode
712 1013 747 1072 et
758 1004 888 1086 absque
900 1001 1112 1086 fundatione,
1120 1004 1164 1074 de
1176 1024 1245 1089 qua
1256 1005 1456 1093 agebatne

225 1125 301 1182 ctor
328 1116 496 1186 Solierius
518 1137 597 1184 curn
618 1127 768 1205 cognato
788 1115 1098 1204 archipresbytero,
1125 1139 1205 1186 cum
1224 1140 1294 1205 quo
1317 1123 1457 1210 ¹quum„

224 1251 409 1318 ageremus
423 1242 460 1298 et
475 1231 696 1301 condiciones
711 1229 867 1319 exigeret
886 1231 1041 1320 dificiles,
1064 1234 1165 1320 plane
1185 1233 1304 1303 censui
1326 1257 1454 1304 renun-

221 1345 378 1414 tiandum
394 1350 605 1434 presbytero,
620 1348 711 1416 nolle
723 1367 804 1415 suos
816 1357 1006 1434 prouentus
1017 1347 1182 1436 recipere,
1199 1369 1264 1417 nec
1280 1350 1457 1419 fundatio-

222 1484 316 1544 nem,
339 1465 432 1550 quod
452 1463 591 1530 factum.
617 1461 815 1548 Synceritas
836 1460 1017 1530 Societatis
1037 1472 1073 1532 et
1092 1463 1355 1552 magnanimitas
1375 1486 1454 1552 per-

222 1590 354 1663 specta,
375 1577 382 1670 Ι
402 1589 437 1647 et
454 1579 582 1644 facturn
600 1580 642 1644 ab
658 1577 818 1646 omnibus
832 1578 1031 1664 probatum.
1050 1577 1319 1666 Designauimus
1336 1602 1453 1650 emen·

224 1693 303 1759 dam
319 1696 458 1760 domum
475 1693 597 1778 Etasij,
615 1694 710 1779 quod
724 1691 901 1762 successit.
921 1691 1080 1775 Visitaui,
1097 1704 1164 1761 etc.
1178 1695 1205 1762 ¹.

292 1811 411 1896 Quum
431 1808 618 1896 Segouiam
637 1809 766 1878 adirem
785 1810 830 1877 ad
854 1819 1004 1878 montem
1031 1808 1147 1896 frigidi
1167 1810 1272 1879 fontis
1292 1831 1412 1879 sumus
1431 1833 1454 1879 e

226 1923 356 1991 niuium
372 1922 610 2012 magnitudine
625 1924 817 2012 periclitati:
836 1922 961 2010 eripuit
976 1946 1040 1992 nos
1055 1924 1236 1993 Dominus.

293 2104 380 2170 18⁰
772 2121 907 2170 numne

290 2274 369 2339 Huc
388 2272 560 2340 euocabar
580 2269 679 2338 anxie
703 2279 843 2357 propter
863 2269 997 2350 turbas,
1020 2291 1108 2355 quae
1128 2270 1338 2338 incesserant
1363 2271 1453 2339 inter

224 2397 385 2456 rectorem
395 2388 533 2456 Salazar
542 2397 583 2453 et
590 2385 800 2472 episcopum.
809 2385 947 2452 Rectori
957 2395 1173 2471 persuaserat
1182 2385 1341 2455 dominus
1351 2389 1449 2474 Xpo-

225 2502 328 2586 forus,
342 2513 379 2567 vt
394 2503 594 2568 admoneret
604 2499 804 2587 episcopum
816 2501 860 2568 de
872 2502 1018 2586 quadam
1030 2499 1230 2587 suspitione,
1239 2521 1341 2586 quam
1354 2501 1450 2571 vide-

225 2617 324 2684 batur
337 2619 431 2698 dare,
450 2627 516 2684 etc.

291 2736 404 2820 Aegre
421 2730 499 2799 tulit
515 2731 706 2818 episcopus:
725 2724 874 2797 minatus
889 2739 953 2797 est:
971 2732 1084 2798 bonus
1100 2739 1213 2800 rector
1232 2731 1449 2800 confirmauit

227 2849 370 2915 animum
387 2847 545 2916 ferociter
558 2846 594 2914 in
610 2857 792 2933 suggestu:
812 2867 867 2914 res
883 2857 956 2914 erat
971 2844 1087 2912 dificili
1098 2847 1185 2913 loco.
1201 2845 1281 2913 Fuit
1291 2848 1447 2932 placatus

225 2962 413 3051 episcopus,
427 2975 462 3030 et
475 2973 588 3029 tamen
601 2959 693 3028 illinc
705 2970 857 3029 remotus
875 2959 882 3049 Ι
903 2961 1052 3030 Salazar.
1067 2961 1137 3031 Sed
1153 2959 1334 3049 episcopus
1349 2971 1444 3048 post-

227 3099 265 3144 ea
279 3077 372 3146 diluit
388 3079 480 3146 illam
496 3076 737 3163 suspicionem,
752 3086 817 3143 etc.

288 3193 444 3274 Visitaui,
459 3203 526 3260 etc.

286 3311 348 3397 Egi
364 3331 442 3376 cum
461 3310 500 3378 P.
521 3307 658 3375 Medina
673 3308 717 3374 de
732 3305 867 3394 collegij
885 3305 1095 3373 fundatione.

286 3489 359 3556 181
707 3505 959 3553 snuunurrcnu

285 3660 346 3746 Egj
364 3679 443 3724 cum
460 3656 585 3724 comite
600 3658 669 3723 don
685 3653 895 3741 Hieronymo
910 3655 954 3720 de
974 3651 1174 3721 fundatione
1189 3651 1325 3740 collegij
1341 3675 1440 3720 mon-

226 3773 412 3861 teregiensi,
428 3782 464 3840 et
480 3771 649 3839 dificulter
664 3770 814 3857 quidem,
832 3779 969 3856 propter
982 3767 1056 3836 eius
1068 3765 1222 3853 peritiam
1238 3766 1275 3833 in
1291 3766 1443 3855 negotiis

224 3889 387 3972 gerendis,
405 3899 441 3956 et
457 3899 569 3956 tamen
586 3889 703 3954 datum
719 3897 772 3953 est
787 3885 925 3971 aliquod
939 3881 1153 3971 principium,
1168 3883 1260 3969 quod
1271 3883 1326 3970 alij
1339 3883 1438 3982 sequi

220 4017 361 4087 possent.
380 4003 539 4084 Visitaui,
561 4015 627 4070 etc.
651 4003 718 4070 Hic
733 4001 805 4068 vidi
821 4003 974 4069 Pennam
989 4011 1025 4067 et
1040 4001 1244 4082 Nauarrum,
1266 4009 1333 4068 etc.
1356 4000 1441 4067 Non

217 4119 350 4202 probaui
366 4130 404 4186 vt
415 4129 595 4206 propterea
605 4117 826 4186 visitarentur
842 4113 941 4182 amici
957 4126 993 4183 et
1008 4125 1184 4182 matronae
1202 4112 1210 4203 Ι
1229 4113 1323 4200 quod
1344 4113 1438 4183 eleee

218 4253 370 4321 mosynae
386 4237 429 4302 ab
444 4234 511 4301 illis
525 4243 797 4321 expectarentur.

221 4405 410 4422 E*

269 4511 277 4544 ¹
313 4511 534 4582 lfs.,quoquo.

267 4601 277 4632 ¹
313 4599 508 4670 SaccruuuS,
521 4601 577 4656 loc.
590 4601 654 4670 cit.,
669 4600 720 4656 lib.
734 4612 776 4670 vr,
790 4617 819 4654 n.
833 4595 879 4653 63.
964 4639 966 4644 .
