<?xml version="1.0" encoding="UTF-8"?>
<!DOCTYPE html PUBLIC "-//W3C//DTD XHTML 1.0 Transitional//EN"
    "http://www.w3.org/TR/xhtml1/DTD/xhtml1-transitional.dtd">
<html xmlns="http://www.w3.org/1999/xhtml" xml:lang="en" lang="en">
 <head>
  <title>
</title>
<meta http-equiv="Content-Type" content="text/html;charset=utf-8" />
  <meta name='ocr-system' content='tesseract 3.04.00' />
  <meta name='ocr-capabilities' content='ocr_page ocr_carea ocr_par ocr_line ocrx_word'/>
</head>
<body>
  <div class='ocr_page' id='page_1' title='image "./epistolaephiero00nadagoog_0474.png"; bbox 0 0 3504 5386; ppageno 0'>
   <div class='ocr_carea' id='block_1_1' title="bbox 1 13 512 179">
    <p class='ocr_par' dir='ltr' id='par_1_1' title="bbox 1 13 512 179">
     <span class='ocr_line' id='line_1_1' title="bbox 1 13 512 179; baseline -0.006 -28"><span class='ocrx_word' id='word_1_1' title='bbox 1 13 512 179; x_wconf 66' lang='lat'>‘-</span> 
     </span>
    </p>
   </div>
   <div class='ocr_carea' id='block_1_2' title="bbox 580 487 1350 561">
    <p class='ocr_par' dir='ltr' id='par_1_2' title="bbox 580 487 1350 561">
     <span class='ocr_line' id='line_1_2' title="bbox 580 487 1350 561; baseline -0.003 -17"><span class='ocrx_word' id='word_1_2' title='bbox 580 487 805 550; x_wconf 66' lang='grc'><strong>8110111300</strong></span> <span class='ocrx_word' id='word_1_3' title='bbox 826 489 895 559; x_wconf 83' lang='lat'>1563</span> <span class='ocrx_word' id='word_1_4' title='bbox 1078 503 1082 510; x_wconf 93' lang='lat'>·</span> <span class='ocrx_word' id='word_1_5' title='bbox 1296 504 1350 561; x_wconf 84' lang='lat'>447</span> 
     </span>
    </p>
   </div>
   <div class='ocr_carea' id='block_1_3' title="bbox 18 641 1364 4424">
    <p class='ocr_par' dir='ltr' id='par_1_3' title="bbox 126 641 1354 959">
     <span class='ocr_line' id='line_1_3' title="bbox 126 641 1353 732; baseline 0.002 -24"><span class='ocrx_word' id='word_1_6' title='bbox 126 644 262 728; x_wconf 70' lang='lat' dir='ltr'>Questo</span> <span class='ocrx_word' id='word_1_7' title='bbox 277 645 439 728; x_wconf 76' lang='lat' dir='ltr'>proporra</span> <span class='ocrx_word' id='word_1_8' title='bbox 455 641 564 710; x_wconf 85' lang='lat' dir='ltr'>aloro</span> <span class='ocrx_word' id='word_1_9' title='bbox 579 662 639 728; x_wconf 78' lang='lat' dir='ltr'>per</span> <span class='ocrx_word' id='word_1_10' title='bbox 654 641 882 712; x_wconf 76' lang='lat' dir='ltr'>determinare</span> <span class='ocrx_word' id='word_1_11' title='bbox 893 644 951 712; x_wconf 83' lang='lat' dir='ltr'>del</span> <span class='ocrx_word' id='word_1_12' title='bbox 964 653 1078 732; x_wconf 80' lang='lat' dir='ltr'>tempo</span> <span class='ocrx_word' id='word_1_13' title='bbox 1093 654 1129 713; x_wconf 88' lang='lat' dir='ltr'>et</span> <span class='ocrx_word' id='word_1_14' title='bbox 1141 643 1229 712; x_wconf 86' lang='lat' dir='ltr'>della</span> <span class='ocrx_word' id='word_1_15' title='bbox 1242 653 1353 711; x_wconf 89' lang='lat' dir='ltr'>mate·</span> 
     </span>
     <span class='ocr_line' id='line_1_4' title="bbox 127 756 1354 844; baseline 0 -20"><span class='ocrx_word' id='word_1_16' title='bbox 127 757 178 824; x_wconf 87' lang='lat' dir='ltr'>ria</span> <span class='ocrx_word' id='word_1_17' title='bbox 193 769 260 824; x_wconf 88' lang='lat' dir='ltr'>etc.</span> <span class='ocrx_word' id='word_1_18' title='bbox 283 757 321 826; x_wconf 92' lang='lat' dir='ltr'>Si</span> <span class='ocrx_word' id='word_1_19' title='bbox 343 757 415 824; x_wconf 76' lang='lat' dir='ltr'>fara</span> <span class='ocrx_word' id='word_1_20' title='bbox 435 756 493 841; x_wconf 91' lang='lat' dir='ltr'>qui</span> <span class='ocrx_word' id='word_1_21' title='bbox 515 767 619 844; x_wconf 88' lang='lat' dir='ltr'>gente</span> <span class='ocrx_word' id='word_1_22' title='bbox 639 779 699 844; x_wconf 87' lang='lat' dir='ltr'>per</span> <span class='ocrx_word' id='word_1_23' title='bbox 718 757 845 825; x_wconf 87' lang='lat' dir='ltr'>sentire</span> <span class='ocrx_word' id='word_1_24' title='bbox 865 770 987 844; x_wconf 87' lang='lat' dir='ltr'>questa</span> <span class='ocrx_word' id='word_1_25' title='bbox 1006 758 1146 834; x_wconf 60' lang='lat' dir='ltr'>latione</span> <span class='ocrx_word' id='word_1_26' title='bbox 1167 757 1354 827; x_wconf 88' lang='lat' dir='ltr'>domestica</span> 
     </span>
     <span class='ocr_line' id='line_1_5' title="bbox 126 872 395 959; baseline -0.007 -19"><span class='ocrx_word' id='word_1_27' title='bbox 126 894 226 940; x_wconf 87' lang='lat' dir='ltr'>oome</span> <span class='ocrx_word' id='word_1_28' title='bbox 241 872 271 938; x_wconf 84' lang='lat' dir='ltr'>si</span> <span class='ocrx_word' id='word_1_29' title='bbox 286 875 395 959; x_wconf 80' lang='lat' dir='ltr'>potra.</span> 
     </span>
    </p>

    <p class='ocr_par' dir='ltr' id='par_1_4' title="bbox 127 987 1362 2211">
     <span class='ocr_line' id='line_1_6' title="bbox 200 987 1355 1076; baseline -0.002 -20"><span class='ocrx_word' id='word_1_30' title='bbox 200 1007 252 1056; x_wconf 90' lang='lat'>11.</span> <span class='ocrx_word' id='word_1_31' title='bbox 300 989 329 1054; x_wconf 92' lang='lat' dir='ltr'>Il</span> <span class='ocrx_word' id='word_1_32' title='bbox 345 998 450 1055; x_wconf 84' lang='lat' dir='ltr'>rettor</span> <span class='ocrx_word' id='word_1_33' title='bbox 464 987 651 1056; x_wconf 85' lang='lat' dir='ltr'>viennense</span> <span class='ocrx_word' id='word_1_34' title='bbox 666 999 796 1055; x_wconf 87' lang='lat' dir='ltr'>mostra</span> <span class='ocrx_word' id='word_1_35' title='bbox 811 999 907 1057; x_wconf 85' lang='lat' dir='ltr'>tener</span> <span class='ocrx_word' id='word_1_36' title='bbox 923 988 1091 1056; x_wconf 87' lang='lat' dir='ltr'>desiderio</span> <span class='ocrx_word' id='word_1_37' title='bbox 1107 991 1171 1056; x_wconf 91' lang='lat' dir='ltr'>che</span> <span class='ocrx_word' id='word_1_38' title='bbox 1187 988 1220 1056; x_wconf 94' lang='lat' dir='ltr'>io</span> <span class='ocrx_word' id='word_1_39' title='bbox 1240 998 1355 1076; x_wconf 87' lang='lat' dir='ltr'>presto</span> 
     </span>
     <span class='ocr_line' id='line_1_7' title="bbox 130 1102 1357 1190; baseline 0.001 -21"><span class='ocrx_word' id='word_1_40' title='bbox 130 1104 232 1187; x_wconf 89' lang='lat' dir='ltr'>torni,</span> <span class='ocrx_word' id='word_1_41' title='bbox 251 1115 286 1173; x_wconf 91' lang='lat' dir='ltr'>et</span> <span class='ocrx_word' id='word_1_42' title='bbox 306 1103 439 1170; x_wconf 78' lang='lat' dir='ltr'>benche</span> <span class='ocrx_word' id='word_1_43' title='bbox 460 1102 492 1169; x_wconf 95' lang='lat' dir='ltr'>io</span> <span class='ocrx_word' id='word_1_44' title='bbox 512 1106 624 1172; x_wconf 86' lang='lat' dir='ltr'>ancho</span> <span class='ocrx_word' id='word_1_45' title='bbox 644 1105 678 1171; x_wconf 93' lang='lat' dir='ltr'>lo</span> <span class='ocrx_word' id='word_1_46' title='bbox 698 1103 855 1172; x_wconf 85' lang='lat' dir='ltr'>desidero</span> <span class='ocrx_word' id='word_1_47' title='bbox 876 1125 936 1190; x_wconf 81' lang='lat' dir='ltr'>per</span> <span class='ocrx_word' id='word_1_48' title='bbox 956 1103 1087 1173; x_wconf 87' lang='lat' dir='ltr'>aiutare</span> <span class='ocrx_word' id='word_1_49' title='bbox 1109 1105 1188 1189; x_wconf 91' lang='lat' dir='ltr'>quel</span> <span class='ocrx_word' id='word_1_50' title='bbox 1211 1103 1357 1190; x_wconf 88' lang='lat' dir='ltr'>collegio</span> 
     </span>
     <span class='ocr_line' id='line_1_8' title="bbox 127 1205 1357 1306; baseline 0.002 -21"><span class='ocrx_word' id='word_1_51' title='bbox 127 1205 268 1298; x_wconf 78' lang='lat' dir='ltr'>afflic⁰t0,</span> <span class='ocrx_word' id='word_1_52' title='bbox 287 1218 323 1284; x_wconf 92' lang='lat' dir='ltr'>in</span> <span class='ocrx_word' id='word_1_53' title='bbox 338 1219 452 1304; x_wconf 88' lang='lat' dir='ltr'>quello</span> <span class='ocrx_word' id='word_1_54' title='bbox 467 1222 531 1287; x_wconf 90' lang='lat' dir='ltr'>che</span> <span class='ocrx_word' id='word_1_55' title='bbox 547 1220 601 1285; x_wconf 89' lang='grc'>001</span> <span class='ocrx_word' id='word_1_56' title='bbox 622 1219 716 1286; x_wconf 90' lang='lat' dir='ltr'>aiuto</span> <span class='ocrx_word' id='word_1_57' title='bbox 738 1219 856 1287; x_wconf 92' lang='lat' dir='ltr'>diuino</span> <span class='ocrx_word' id='word_1_58' title='bbox 876 1219 911 1286; x_wconf 90' lang='lat' dir='ltr'>io</span> <span class='ocrx_word' id='word_1_59' title='bbox 931 1218 1052 1306; x_wconf 88' lang='lat' dir='ltr'>potrei,</span> <span class='ocrx_word' id='word_1_60' title='bbox 1076 1219 1282 1288; x_wconf 88' lang='lat' dir='ltr'>nondimeno</span> <span class='ocrx_word' id='word_1_61' title='bbox 1302 1239 1357 1288; x_wconf 82' lang='lat' dir='ltr'>es-</span> 
     </span>
     <span class='ocr_line' id='line_1_9' title="bbox 129 1333 1359 1421; baseline 0.002 -19"><span class='ocrx_word' id='word_1_62' title='bbox 129 1335 238 1402; x_wconf 79' lang='lat' dir='ltr'>sendo</span> <span class='ocrx_word' id='word_1_63' title='bbox 255 1334 369 1401; x_wconf 83' lang='lat' dir='ltr'>vicino</span> <span class='ocrx_word' id='word_1_64' title='bbox 383 1333 408 1400; x_wconf 93' lang='lat' dir='ltr'>il</span> <span class='ocrx_word' id='word_1_65' title='bbox 423 1345 537 1420; x_wconf 89' lang='lat' dir='ltr'>tempo</span> <span class='ocrx_word' id='word_1_66' title='bbox 550 1335 638 1403; x_wconf 87' lang='lat' dir='ltr'>della</span> <span class='ocrx_word' id='word_1_67' title='bbox 649 1334 749 1402; x_wconf 86' lang='lat' dir='ltr'>visita</span> <span class='ocrx_word' id='word_1_68' title='bbox 761 1334 930 1402; x_wconf 84' lang='lat' dir='ltr'>ordinaria</span> <span class='ocrx_word' id='word_1_69' title='bbox 945 1334 981 1400; x_wconf 94' lang='lat' dir='ltr'>di</span> <span class='ocrx_word' id='word_1_70' title='bbox 996 1346 1119 1420; x_wconf 89' lang='lat' dir='ltr'>questo</span> <span class='ocrx_word' id='word_1_71' title='bbox 1130 1335 1289 1421; x_wconf 85' lang='lat' dir='ltr'>collegio,</span> <span class='ocrx_word' id='word_1_72' title='bbox 1303 1355 1359 1404; x_wconf 85' lang='lat' dir='ltr'>se-</span> 
     </span>
     <span class='ocr_line' id='line_1_10' title="bbox 129 1445 1359 1536; baseline -0.002 -20"><span class='ocrx_word' id='word_1_73' title='bbox 129 1451 241 1516; x_wconf 87' lang='lat' dir='ltr'>condo</span> <span class='ocrx_word' id='word_1_74' title='bbox 268 1445 334 1518; x_wconf 90' lang='lat' dir='ltr'>che</span> <span class='ocrx_word' id='word_1_75' title='bbox 354 1451 399 1516; x_wconf 90' lang='lat' dir='ltr'>ha</span> <span class='ocrx_word' id='word_1_76' title='bbox 418 1448 642 1517; x_wconf 80' lang='lat' dir='ltr'>determinato</span> <span class='ocrx_word' id='word_1_77' title='bbox 662 1450 695 1515; x_wconf 87' lang='lat' dir='ltr'>la</span> <span class='ocrx_word' id='word_1_78' title='bbox 715 1452 755 1517; x_wconf 91' lang='lat' dir='ltr'>R.</span> <span class='ocrx_word' id='word_1_79' title='bbox 780 1450 839 1532; x_wconf 89' lang='lat' dir='ltr'>V.‚</span> <span class='ocrx_word' id='word_1_80' title='bbox 864 1450 910 1516; x_wconf 92' lang='lat' dir='ltr'>mi</span> <span class='ocrx_word' id='word_1_81' title='bbox 931 1471 1012 1536; x_wconf 87' lang='lat' dir='ltr'>pare</span> <span class='ocrx_word' id='word_1_82' title='bbox 1032 1452 1096 1517; x_wconf 89' lang='lat' dir='ltr'>che</span> <span class='ocrx_word' id='word_1_83' title='bbox 1116 1449 1149 1516; x_wconf 91' lang='lat' dir='ltr'>io</span> <span class='ocrx_word' id='word_1_84' title='bbox 1170 1471 1240 1516; x_wconf 90' lang='lat' dir='ltr'>non</span> <span class='ocrx_word' id='word_1_85' title='bbox 1259 1452 1306 1516; x_wconf 93' lang='lat' dir='ltr'>ho</span> <span class='ocrx_word' id='word_1_86' title='bbox 1322 1449 1359 1515; x_wconf 94' lang='lat' dir='ltr'>di</span> 
     </span>
     <span class='ocr_line' id='line_1_11' title="bbox 130 1563 1360 1654; baseline 0.001 -23"><span class='ocrx_word' id='word_1_87' title='bbox 130 1565 296 1632; x_wconf 89' lang='lat' dir='ltr'>mouermi</span> <span class='ocrx_word' id='word_1_88' title='bbox 323 1563 459 1631; x_wconf 86' lang='lat' dir='ltr'>innanzi</span> <span class='ocrx_word' id='word_1_89' title='bbox 487 1567 551 1631; x_wconf 89' lang='lat' dir='ltr'>che</span> <span class='ocrx_word' id='word_1_90' title='bbox 577 1566 658 1649; x_wconf 89' lang='lat' dir='ltr'>quel</span> <span class='ocrx_word' id='word_1_91' title='bbox 684 1565 795 1633; x_wconf 83' lang='lat' dir='ltr'>officio</span> <span class='ocrx_word' id='word_1_92' title='bbox 822 1564 873 1631; x_wconf 87' lang='lat' dir='ltr'>sia</span> <span class='ocrx_word' id='word_1_93' title='bbox 900 1565 1008 1654; x_wconf 88' lang='lat' dir='ltr'>finito.</span> <span class='ocrx_word' id='word_1_94' title='bbox 1040 1567 1118 1632; x_wconf 92' lang='lat' dir='ltr'>Non</span> <span class='ocrx_word' id='word_1_95' title='bbox 1138 1565 1184 1632; x_wconf 88' lang='lat' dir='ltr'>mi</span> <span class='ocrx_word' id='word_1_96' title='bbox 1213 1585 1360 1632; x_wconf 90' lang='lat' dir='ltr'>moueno</span> 
     </span>
     <span class='ocr_line' id='line_1_12' title="bbox 130 1679 1361 1766; baseline 0.002 -20"><span class='ocrx_word' id='word_1_97' title='bbox 130 1679 246 1748; x_wconf 90' lang='lat' dir='ltr'>niente</span> <span class='ocrx_word' id='word_1_98' title='bbox 262 1682 296 1748; x_wconf 89' lang='lat' dir='ltr'>le</span> <span class='ocrx_word' id='word_1_99' title='bbox 311 1680 438 1766; x_wconf 90' lang='lat' dir='ltr'>parolle</span> <span class='ocrx_word' id='word_1_100' title='bbox 453 1680 509 1747; x_wconf 90' lang='lat' dir='ltr'>del</span> <span class='ocrx_word' id='word_1_101' title='bbox 525 1689 634 1748; x_wconf 87' lang='lat' dir='ltr'>rettor</span> <span class='ocrx_word' id='word_1_102' title='bbox 654 1701 834 1766; x_wconf 81' lang='lat' dir='ltr'>pragense,</span> <span class='ocrx_word' id='word_1_103' title='bbox 857 1679 1002 1748; x_wconf 88' lang='lat' dir='ltr'>dicendo</span> <span class='ocrx_word' id='word_1_104' title='bbox 1022 1680 1070 1746; x_wconf 89' lang='lat' dir='ltr'>lui</span> <span class='ocrx_word' id='word_1_105' title='bbox 1091 1682 1155 1748; x_wconf 90' lang='lat' dir='ltr'>che</span> <span class='ocrx_word' id='word_1_106' title='bbox 1176 1679 1210 1746; x_wconf 92' lang='lat' dir='ltr'>io</span> <span class='ocrx_word' id='word_1_107' title='bbox 1230 1702 1300 1747; x_wconf 92' lang='lat' dir='ltr'>non</span> <span class='ocrx_word' id='word_1_108' title='bbox 1320 1701 1361 1748; x_wconf 90' lang='lat' dir='ltr'>ce</span> 
     </span>
     <span class='ocr_line' id='line_1_13' title="bbox 130 1794 1362 1882; baseline 0.003 -24"><span class='ocrx_word' id='word_1_109' title='bbox 130 1797 217 1862; x_wconf 93' lang='lat' dir='ltr'>vada</span> <span class='ocrx_word' id='word_1_110' title='bbox 234 1805 331 1862; x_wconf 87' lang='lat' dir='ltr'>tanto</span> <span class='ocrx_word' id='word_1_111' title='bbox 347 1804 474 1880; x_wconf 80' lang='lat' dir='ltr'>presto,</span> <span class='ocrx_word' id='word_1_112' title='bbox 492 1816 552 1880; x_wconf 87' lang='lat' dir='ltr'>per</span> <span class='ocrx_word' id='word_1_113' title='bbox 568 1816 637 1861; x_wconf 93' lang='lat' dir='ltr'>non</span> <span class='ocrx_word' id='word_1_114' title='bbox 653 1794 824 1864; x_wconf 86' lang='lat' dir='ltr'>incorrere</span> <span class='ocrx_word' id='word_1_115' title='bbox 839 1795 920 1864; x_wconf 91' lang='lat' dir='ltr'>nelli</span> <span class='ocrx_word' id='word_1_116' title='bbox 932 1794 1082 1882; x_wconf 84' lang='lat' dir='ltr'>pericoli.</span> <span class='ocrx_word' id='word_1_117' title='bbox 1098 1796 1207 1882; x_wconf 91' lang='lat' dir='ltr'>Spero</span> <span class='ocrx_word' id='word_1_118' title='bbox 1222 1794 1362 1882; x_wconf 87' lang='lat' dir='ltr'>donque</span> 
     </span>
     <span class='ocr_line' id='line_1_14' title="bbox 133 1908 1361 1997; baseline 0.002 -21"><span class='ocrx_word' id='word_1_119' title='bbox 133 1910 287 1996; x_wconf 86' lang='lat' dir='ltr'>partirmi</span> <span class='ocrx_word' id='word_1_120' title='bbox 301 1910 337 1975; x_wconf 95' lang='lat' dir='ltr'>di</span> <span class='ocrx_word' id='word_1_121' title='bbox 357 1931 426 1995; x_wconf 86' lang='lat' dir='ltr'>qua</span> <span class='ocrx_word' id='word_1_122' title='bbox 446 1931 506 1995; x_wconf 86' lang='lat' dir='ltr'>per</span> <span class='ocrx_word' id='word_1_123' title='bbox 527 1909 661 1979; x_wconf 91' lang='lat' dir='ltr'>Vienna</span> <span class='ocrx_word' id='word_1_124' title='bbox 681 1910 706 1976; x_wconf 93' lang='lat' dir='ltr'>il</span> <span class='ocrx_word' id='word_1_125' title='bbox 726 1909 835 1997; x_wconf 91' lang='lat' dir='ltr'>primo</span> <span class='ocrx_word' id='word_1_126' title='bbox 856 1910 972 1978; x_wconf 91' lang='lat' dir='ltr'>lunedi</span> <span class='ocrx_word' id='word_1_127' title='bbox 993 1931 1013 1976; x_wconf 95' lang='lat' dir='ltr'>o</span> <span class='ocrx_word' id='word_1_128' title='bbox 1034 1911 1177 1978; x_wconf 81' lang='lat' dir='ltr'>martedi</span> <span class='ocrx_word' id='word_1_129' title='bbox 1200 1908 1235 1976; x_wconf 93' lang='lat' dir='ltr'>di</span> <span class='ocrx_word' id='word_1_130' title='bbox 1253 1911 1277 1976; x_wconf 83' lang='lat'>1’</span> <span class='ocrx_word' id='word_1_131' title='bbox 1299 1912 1361 1979; x_wconf 90' lang='lat' dir='ltr'>ad-</span> 
     </span>
     <span class='ocr_line' id='line_1_15' title="bbox 134 2025 1361 2112; baseline 0.001 -21"><span class='ocrx_word' id='word_1_132' title='bbox 134 2035 239 2094; x_wconf 88' lang='lat' dir='ltr'>uento</span> <span class='ocrx_word' id='word_1_133' title='bbox 255 2037 367 2108; x_wconf 90' lang='lat' dir='ltr'>santo,</span> <span class='ocrx_word' id='word_1_134' title='bbox 386 2045 447 2112; x_wconf 91' lang='lat' dir='ltr'>per</span> <span class='ocrx_word' id='word_1_135' title='bbox 462 2025 534 2094; x_wconf 81' lang='lat' dir='ltr'>sare</span> <span class='ocrx_word' id='word_1_136' title='bbox 550 2037 787 2112; x_wconf 80' lang='lat' dir='ltr'>prontarnente</span> <span class='ocrx_word' id='word_1_137' title='bbox 798 2027 822 2091; x_wconf 88' lang='lat' dir='ltr'>l&#39;</span> <span class='ocrx_word' id='word_1_138' title='bbox 836 2025 1030 2092; x_wconf 88' lang='lat' dir='ltr'>obedientia</span> <span class='ocrx_word' id='word_1_139' title='bbox 1042 2035 1153 2105; x_wconf 87' lang='lat' dir='ltr'>santa,</span> <span class='ocrx_word' id='word_1_140' title='bbox 1168 2035 1202 2094; x_wconf 88' lang='lat' dir='ltr'>et</span> <span class='ocrx_word' id='word_1_141' title='bbox 1215 2047 1275 2112; x_wconf 91' lang='lat' dir='ltr'>per</span> <span class='ocrx_word' id='word_1_142' title='bbox 1286 2047 1361 2094; x_wconf 87' lang='lat' dir='ltr'>sos·</span> 
     </span>
     <span class='ocr_line' id='line_1_16' title="bbox 134 2140 684 2211; baseline 0 -5"><span class='ocrx_word' id='word_1_143' title='bbox 134 2153 230 2211; x_wconf 83' lang='lat' dir='ltr'>tener</span> <span class='ocrx_word' id='word_1_144' title='bbox 245 2140 426 2209; x_wconf 86' lang='lat' dir='ltr'>afflittione</span> <span class='ocrx_word' id='word_1_145' title='bbox 442 2162 507 2207; x_wconf 92' lang='lat' dir='ltr'>eon</span> <span class='ocrx_word' id='word_1_146' title='bbox 522 2140 546 2206; x_wconf 89' lang='lat' dir='ltr'>li</span> <span class='ocrx_word' id='word_1_147' title='bbox 562 2140 684 2207; x_wconf 87' lang='lat' dir='ltr'>afflitti.</span> 
     </span>
    </p>

    <p class='ocr_par' dir='ltr' id='par_1_5' title="bbox 132 2256 1363 3154">
     <span class='ocr_line' id='line_1_17' title="bbox 203 2256 1363 2344; baseline -0.001 -19"><span class='ocrx_word' id='word_1_148' title='bbox 203 2277 254 2326; x_wconf 86' lang='lat'>12.</span> <span class='ocrx_word' id='word_1_149' title='bbox 301 2258 327 2323; x_wconf 98' lang='grc'>11</span> <span class='ocrx_word' id='word_1_150' title='bbox 338 2256 548 2344; x_wconf 74' lang='lat' dir='ltr'>dottorJaen</span> <span class='ocrx_word' id='word_1_151' title='bbox 561 2266 652 2324; x_wconf 86' lang='lat' dir='ltr'>resta</span> <span class='ocrx_word' id='word_1_152' title='bbox 664 2256 810 2323; x_wconf 87' lang='lat' dir='ltr'>tuttauia</span> <span class='ocrx_word' id='word_1_153' title='bbox 822 2257 1116 2338; x_wconf 89' lang='lat' dir='ltr'>debole,viuend0</span> <span class='ocrx_word' id='word_1_154' title='bbox 1124 2280 1184 2344; x_wconf 92' lang='lat' dir='ltr'>per</span> <span class='ocrx_word' id='word_1_155' title='bbox 1193 2279 1295 2326; x_wconf 91' lang='lat' dir='ltr'>mano</span> <span class='ocrx_word' id='word_1_156' title='bbox 1306 2258 1363 2326; x_wconf 89' lang='lat' dir='ltr'>del</span> 
     </span>
     <span class='ocr_line' id='line_1_18' title="bbox 133 2371 1363 2458; baseline -0.002 -18"><span class='ocrx_word' id='word_1_157' title='bbox 133 2373 265 2440; x_wconf 88' lang='lat' dir='ltr'>medico</span> <span class='ocrx_word' id='word_1_158' title='bbox 282 2384 317 2442; x_wconf 88' lang='lat' dir='ltr'>et</span> <span class='ocrx_word' id='word_1_159' title='bbox 332 2371 531 2454; x_wconf 88' lang='lat' dir='ltr'>infirmario,</span> <span class='ocrx_word' id='word_1_160' title='bbox 550 2371 757 2458; x_wconf 85' lang='lat' dir='ltr'>mangiando</span> <span class='ocrx_word' id='word_1_161' title='bbox 773 2394 906 2458; x_wconf 90' lang='lat' dir='ltr'>sempre</span> <span class='ocrx_word' id='word_1_162' title='bbox 921 2372 957 2438; x_wconf 93' lang='lat' dir='ltr'>in</span> <span class='ocrx_word' id='word_1_163' title='bbox 972 2395 1035 2439; x_wconf 88' lang='lat' dir='ltr'>sua</span> <span class='ocrx_word' id='word_1_164' title='bbox 1047 2394 1182 2441; x_wconf 86' lang='lat' dir='ltr'>camera</span> <span class='ocrx_word' id='word_1_165' title='bbox 1193 2375 1278 2456; x_wconf 90' lang='lat' dir='ltr'>solo;</span> <span class='ocrx_word' id='word_1_166' title='bbox 1292 2384 1327 2444; x_wconf 89' lang='lat' dir='ltr'>et</span> <span class='ocrx_word' id='word_1_167' title='bbox 1339 2373 1363 2439; x_wconf 94' lang='lat' dir='ltr'>il</span> 
     </span>
     <span class='ocr_line' id='line_1_19' title="bbox 132 2487 1363 2576; baseline 0 -20"><span class='ocrx_word' id='word_1_168' title='bbox 132 2489 285 2576; x_wconf 90' lang='lat' dir='ltr'>giudicio</span> <span class='ocrx_word' id='word_1_169' title='bbox 300 2489 356 2555; x_wconf 87' lang='lat' dir='ltr'>del</span> <span class='ocrx_word' id='word_1_170' title='bbox 372 2489 427 2556; x_wconf 89' lang='lat' dir='ltr'>Sr.</span> <span class='ocrx_word' id='word_1_171' title='bbox 446 2487 586 2555; x_wconf 89' lang='lat' dir='ltr'>Matiolo</span> <span class='ocrx_word' id='word_1_172' title='bbox 605 2491 612 2522; x_wconf 88' lang='lat'><strong>¹</strong></span> <span class='ocrx_word' id='word_1_173' title='bbox 641 2489 662 2555; x_wconf 76' lang='grc' dir='ltr'>ἑ</span> <span class='ocrx_word' id='word_1_174' title='bbox 684 2490 748 2556; x_wconf 89' lang='lat' dir='ltr'>che</span> <span class='ocrx_word' id='word_1_175' title='bbox 764 2510 833 2554; x_wconf 91' lang='lat' dir='ltr'>non</span> <span class='ocrx_word' id='word_1_176' title='bbox 849 2487 873 2552; x_wconf 91' lang='lat' dir='ltr'>li</span> <span class='ocrx_word' id='word_1_177' title='bbox 893 2487 1061 2557; x_wconf 90' lang='lat' dir='ltr'>conuiene</span> <span class='ocrx_word' id='word_1_178' title='bbox 1080 2499 1202 2574; x_wconf 86' lang='lat' dir='ltr'>questa</span> <span class='ocrx_word' id='word_1_179' title='bbox 1222 2489 1363 2576; x_wconf 86' lang='lat' dir='ltr'>regione</span> 
     </span>
     <span class='ocr_line' id='line_1_20' title="bbox 135 2603 1363 2698; baseline -0.002 -24"><span class='ocrx_word' id='word_1_180' title='bbox 135 2605 264 2698; x_wconf 75' lang='lat' dir='ltr'>hedda,</span> <span class='ocrx_word' id='word_1_181' title='bbox 288 2614 324 2673; x_wconf 90' lang='lat' dir='ltr'>et</span> <span class='ocrx_word' id='word_1_182' title='bbox 345 2606 495 2670; x_wconf 85' lang='lat' dir='ltr'>anchora</span> <span class='ocrx_word' id='word_1_183' title='bbox 514 2606 579 2670; x_wconf 86' lang='lat' dir='ltr'>che</span> <span class='ocrx_word' id='word_1_184' title='bbox 599 2603 628 2669; x_wconf 93' lang='lat' dir='ltr'>si</span> <span class='ocrx_word' id='word_1_185' title='bbox 651 2603 753 2670; x_wconf 90' lang='lat' dir='ltr'>risani</span> <span class='ocrx_word' id='word_1_186' title='bbox 771 2603 807 2668; x_wconf 92' lang='lat' dir='ltr'>in</span> <span class='ocrx_word' id='word_1_187' title='bbox 829 2615 950 2688; x_wconf 84' lang='lat' dir='ltr'>questa</span> <span class='ocrx_word' id='word_1_188' title='bbox 971 2603 1173 2690; x_wconf 85' lang='lat' dir='ltr'>primauera,</span> <span class='ocrx_word' id='word_1_189' title='bbox 1197 2626 1266 2672; x_wconf 93' lang='lat' dir='ltr'>non</span> <span class='ocrx_word' id='word_1_190' title='bbox 1287 2609 1363 2672; x_wconf 77' lang='lat' dir='ltr'>sara</span> 
     </span>
     <span class='ocr_line' id='line_1_21' title="bbox 134 2718 1363 2808; baseline 0.001 -22"><span class='ocrx_word' id='word_1_191' title='bbox 134 2723 214 2808; x_wconf 81' lang='lat' dir='ltr'>peri&gt;</span> <span class='ocrx_word' id='word_1_192' title='bbox 230 2719 353 2788; x_wconf 87' lang='lat' dir='ltr'>stabile</span> <span class='ocrx_word' id='word_1_193' title='bbox 369 2721 402 2786; x_wconf 92' lang='lat' dir='ltr'>la</span> <span class='ocrx_word' id='word_1_194' title='bbox 416 2740 479 2786; x_wconf 90' lang='lat' dir='ltr'>sua</span> <span class='ocrx_word' id='word_1_195' title='bbox 494 2719 616 2785; x_wconf 78' lang='lat' dir='ltr'>sanita.</span> <span class='ocrx_word' id='word_1_196' title='bbox 636 2719 738 2787; x_wconf 90' lang='lat' dir='ltr'>Onde</span> <span class='ocrx_word' id='word_1_197' title='bbox 755 2718 879 2786; x_wconf 88' lang='lat' dir='ltr'>risolue</span> <span class='ocrx_word' id='word_1_198' title='bbox 895 2719 994 2788; x_wconf 91' lang='lat' dir='ltr'>cheli</span> <span class='ocrx_word' id='word_1_199' title='bbox 1009 2719 1201 2789; x_wconf 88' lang='lat' dir='ltr'>conuienne</span> <span class='ocrx_word' id='word_1_200' title='bbox 1213 2720 1363 2789; x_wconf 84' lang='lat' dir='ltr'>viuered</span> 
     </span>
     <span class='ocr_line' id='line_1_22' title="bbox 135 2833 1363 2922; baseline 0 -20"><span class='ocrx_word' id='word_1_201' title='bbox 135 2835 168 2902; x_wconf 89' lang='lat' dir='ltr'>in</span> <span class='ocrx_word' id='word_1_202' title='bbox 183 2836 281 2904; x_wconf 86' lang='lat' dir='ltr'>Italia</span> <span class='ocrx_word' id='word_1_203' title='bbox 296 2857 319 2902; x_wconf 94' lang='grc'><strong>0</strong></span> <span class='ocrx_word' id='word_1_204' title='bbox 334 2836 418 2902; x_wconf 84' lang='lat' dir='ltr'>altra</span> <span class='ocrx_word' id='word_1_205' title='bbox 434 2835 574 2921; x_wconf 85' lang='lat' dir='ltr'>regione</span> <span class='ocrx_word' id='word_1_206' title='bbox 590 2833 648 2922; x_wconf 81' lang='lat' dir='ltr'>piri</span> <span class='ocrx_word' id='word_1_207' title='bbox 663 2835 761 2901; x_wconf 86' lang='lat' dir='ltr'>calda</span> <span class='ocrx_word' id='word_1_208' title='bbox 777 2837 841 2902; x_wconf 89' lang='lat' dir='ltr'>che</span> <span class='ocrx_word' id='word_1_209' title='bbox 857 2845 979 2921; x_wconf 85' lang='lat' dir='ltr'>questa</span> <span class='ocrx_word' id='word_1_210' title='bbox 994 2836 1019 2900; x_wconf 80' lang='lat'>⁸.</span> <span class='ocrx_word' id='word_1_211' title='bbox 1039 2836 1115 2902; x_wconf 86' lang='lat' dir='ltr'>Eta</span> <span class='ocrx_word' id='word_1_212' title='bbox 1130 2846 1253 2921; x_wconf 90' lang='lat' dir='ltr'>questo</span> <span class='ocrx_word' id='word_1_213' title='bbox 1266 2839 1294 2903; x_wconf 87' lang='lat' dir='ltr'>s&#39;</span> <span class='ocrx_word' id='word_1_214' title='bbox 1309 2836 1363 2902; x_wconf 85' lang='lat' dir='ltr'>in-</span> 
     </span>
     <span class='ocr_line' id='line_1_23' title="bbox 136 2949 1362 3034; baseline -0.002 -14"><span class='ocrx_word' id='word_1_215' title='bbox 136 2950 223 3020; x_wconf 85' lang='lat' dir='ltr'>clina</span> <span class='ocrx_word' id='word_1_216' title='bbox 239 2951 300 3032; x_wconf 90' lang='lat' dir='ltr'>lui,</span> <span class='ocrx_word' id='word_1_217' title='bbox 319 2971 416 3018; x_wconf 90' lang='lat' dir='ltr'>come</span> <span class='ocrx_word' id='word_1_218' title='bbox 436 2949 576 3017; x_wconf 91' lang='lat' dir='ltr'>intendo</span> <span class='ocrx_word' id='word_1_219' title='bbox 597 2951 640 3017; x_wconf 90' lang='lat' dir='ltr'>de</span> <span class='ocrx_word' id='word_1_220' title='bbox 661 2949 797 3018; x_wconf 87' lang='lat' dir='ltr'>alchuni</span> <span class='ocrx_word' id='word_1_221' title='bbox 822 2949 902 3018; x_wconf 89' lang='lat' dir='ltr'>delli</span> <span class='ocrx_word' id='word_1_222' title='bbox 925 2949 1044 3034; x_wconf 88' lang='lat' dir='ltr'>nostri,</span> <span class='ocrx_word' id='word_1_223' title='bbox 1069 2950 1216 3018; x_wconf 88' lang='lat' dir='ltr'>dicendo</span> <span class='ocrx_word' id='word_1_224' title='bbox 1240 2954 1304 3020; x_wconf 89' lang='lat' dir='ltr'>che</span> <span class='ocrx_word' id='word_1_225' title='bbox 1327 2951 1362 3017; x_wconf 92' lang='lat' dir='ltr'>in</span> 
     </span>
     <span class='ocr_line' id='line_1_24' title="bbox 134 3064 982 3154; baseline -0.004 -19"><span class='ocrx_word' id='word_1_226' title='bbox 134 3069 274 3154; x_wconf 86' lang='lat' dir='ltr'>Spagna</span> <span class='ocrx_word' id='word_1_227' title='bbox 289 3065 431 3133; x_wconf 85' lang='lat' dir='ltr'>haueria</span> <span class='ocrx_word' id='word_1_228' title='bbox 446 3064 568 3132; x_wconf 90' lang='lat' dir='ltr'>medici</span> <span class='ocrx_word' id='word_1_229' title='bbox 585 3064 640 3132; x_wconf 87' lang='lat' dir='ltr'>chi</span> <span class='ocrx_word' id='word_1_230' title='bbox 656 3066 679 3130; x_wconf 91' lang='lat' dir='ltr'>l&#39;</span> <span class='ocrx_word' id='word_1_231' title='bbox 698 3064 898 3146; x_wconf 88' lang='lat' dir='ltr'>aiutarian0,</span> <span class='ocrx_word' id='word_1_232' title='bbox 916 3077 982 3133; x_wconf 88' lang='lat' dir='ltr'>etc.</span> 
     </span>
    </p>

    <p class='ocr_par' dir='ltr' id='par_1_6' title="bbox 136 3179 1364 3729">
     <span class='ocr_line' id='line_1_25' title="bbox 205 3179 1363 3267; baseline 0 -17"><span class='ocrx_word' id='word_1_233' title='bbox 205 3202 256 3267; x_wconf 80' lang='lat'>13.</span> <span class='ocrx_word' id='word_1_234' title='bbox 305 3185 338 3249; x_wconf 87' lang='lat' dir='ltr'>A</span> <span class='ocrx_word' id='word_1_235' title='bbox 357 3180 424 3249; x_wconf 89' lang='lat' dir='ltr'>M.⁰</span> <span class='ocrx_word' id='word_1_236' title='bbox 441 3183 590 3249; x_wconf 87' lang='lat' dir='ltr'>Roberto</span> <span class='ocrx_word' id='word_1_237' title='bbox 607 3181 635 3246; x_wconf 92' lang='lat' dir='ltr'>si</span> <span class='ocrx_word' id='word_1_238' title='bbox 651 3183 671 3247; x_wconf 76' lang='grc' dir='ltr'>ὁ</span> <span class='ocrx_word' id='word_1_239' title='bbox 687 3180 767 3248; x_wconf 89' lang='lat' dir='ltr'>dato</span> <span class='ocrx_word' id='word_1_240' title='bbox 783 3180 806 3245; x_wconf 92' lang='lat' dir='ltr'>il</span> <span class='ocrx_word' id='word_1_241' title='bbox 818 3179 956 3249; x_wconf 88' lang='lat' dir='ltr'>caricho</span> <span class='ocrx_word' id='word_1_242' title='bbox 970 3192 1060 3248; x_wconf 87' lang='lat' dir='ltr'>tutto</span> <span class='ocrx_word' id='word_1_243' title='bbox 1071 3182 1159 3249; x_wconf 87' lang='lat' dir='ltr'>delle</span> <span class='ocrx_word' id='word_1_244' title='bbox 1174 3181 1308 3249; x_wconf 88' lang='lat' dir='ltr'>lettioni</span> <span class='ocrx_word' id='word_1_245' title='bbox 1319 3184 1363 3251; x_wconf 91' lang='lat' dir='ltr'>de</span> 
     </span>
     <span class='ocr_line' id='line_1_26' title="bbox 136 3295 1364 3384; baseline 0 -20"><span class='ocrx_word' id='word_1_246' title='bbox 136 3297 312 3383; x_wconf 89' lang='lat' dir='ltr'>philosofia</span> <span class='ocrx_word' id='word_1_247' title='bbox 328 3308 364 3366; x_wconf 91' lang='lat' dir='ltr'>et</span> <span class='ocrx_word' id='word_1_248' title='bbox 379 3319 399 3361; x_wconf 91' lang='lat' dir='ltr'>a</span> <span class='ocrx_word' id='word_1_249' title='bbox 416 3297 451 3364; x_wconf 91' lang='lat' dir='ltr'><strong>M</strong></span> <span class='ocrx_word' id='word_1_250' title='bbox 457 3295 484 3360; x_wconf 90' lang='lat'>.⁰</span> <span class='ocrx_word' id='word_1_251' title='bbox 496 3298 630 3383; x_wconf 88' lang='lat' dir='ltr'>Joanne</span> <span class='ocrx_word' id='word_1_252' title='bbox 645 3297 794 3364; x_wconf 89' lang='lat' dir='ltr'>bohemo</span> <span class='ocrx_word' id='word_1_253' title='bbox 805 3298 848 3362; x_wconf 94' lang='lat' dir='ltr'>ha</span> <span class='ocrx_word' id='word_1_254' title='bbox 861 3295 1010 3382; x_wconf 86' lang='lat' dir='ltr'>piaeiuto</span> <span class='ocrx_word' id='word_1_255' title='bbox 1022 3297 1081 3381; x_wconf 73' lang='lat' dir='ltr'>piri</span> <span class='ocrx_word' id='word_1_256' title='bbox 1092 3296 1127 3362; x_wconf 92' lang='lat' dir='ltr'>di</span> <span class='ocrx_word' id='word_1_257' title='bbox 1139 3298 1280 3384; x_wconf 86' lang='lat' dir='ltr'>leggere</span> <span class='ocrx_word' id='word_1_258' title='bbox 1295 3319 1364 3364; x_wconf 89' lang='lat' dir='ltr'>vna</span> 
     </span>
     <span class='ocr_line' id='line_1_27' title="bbox 136 3401 1363 3499; baseline 0 -21"><span class='ocrx_word' id='word_1_259' title='bbox 136 3414 276 3482; x_wconf 85' lang='lat' dir='ltr'>lettione</span> <span class='ocrx_word' id='word_1_260' title='bbox 292 3412 377 3499; x_wconf 90' lang='lat' dir='ltr'>ogni</span> <span class='ocrx_word' id='word_1_261' title='bbox 393 3413 428 3478; x_wconf 93' lang='lat' dir='ltr'>di</span> <span class='ocrx_word' id='word_1_262' title='bbox 444 3411 480 3477; x_wconf 93' lang='lat' dir='ltr'>in</span> <span class='ocrx_word' id='word_1_263' title='bbox 497 3410 651 3497; x_wconf 88' lang='lat' dir='ltr'>Vergilio</span> <span class='ocrx_word' id='word_1_264' title='bbox 666 3423 702 3478; x_wconf 86' lang='lat' dir='ltr'>et</span> <span class='ocrx_word' id='word_1_265' title='bbox 717 3413 806 3478; x_wconf 86' lang='lat' dir='ltr'>nella</span> <span class='ocrx_word' id='word_1_266' title='bbox 822 3401 1071 3479; x_wconf 85' lang='lat' dir='ltr'>ver&#39;sificatione</span> <span class='ocrx_word' id='word_1_267' title='bbox 1086 3423 1122 3478; x_wconf 89' lang='lat' dir='ltr'>et</span> <span class='ocrx_word' id='word_1_268' title='bbox 1136 3435 1156 3478; x_wconf 92' lang='lat' dir='ltr'>a</span> <span class='ocrx_word' id='word_1_269' title='bbox 1171 3413 1204 3478; x_wconf 88' lang='lat' dir='ltr'>la</span> <span class='ocrx_word' id='word_1_270' title='bbox 1219 3435 1282 3479; x_wconf 89' lang='lat' dir='ltr'>sua</span> <span class='ocrx_word' id='word_1_271' title='bbox 1294 3435 1363 3479; x_wconf 93' lang='lat' dir='ltr'>non</span> 
     </span>
     <span class='ocr_line' id='line_1_28' title="bbox 137 3527 1362 3616; baseline 0.002 -22"><span class='ocrx_word' id='word_1_272' title='bbox 137 3539 256 3616; x_wconf 85' lang='lat' dir='ltr'>troppo</span> <span class='ocrx_word' id='word_1_273' title='bbox 271 3528 383 3595; x_wconf 78' lang='lat' dir='ltr'>sanita</span> <span class='ocrx_word' id='word_1_274' title='bbox 397 3527 457 3615; x_wconf 70' lang='lat' dir='ltr'>piri</span> <span class='ocrx_word' id='word_1_275' title='bbox 473 3527 666 3595; x_wconf 87' lang='lat' dir='ltr'>conuienne</span> <span class='ocrx_word' id='word_1_276' title='bbox 683 3527 730 3594; x_wconf 87' lang='lat' dir='ltr'>tal</span> <span class='ocrx_word' id='word_1_277' title='bbox 748 3527 934 3595; x_wconf 83' lang='lat' dir='ltr'>essercitio.</span> <span class='ocrx_word' id='word_1_278' title='bbox 954 3527 1018 3594; x_wconf 89' lang='lat' dir='ltr'>Lui</span> <span class='ocrx_word' id='word_1_279' title='bbox 1036 3529 1068 3595; x_wconf 85' lang='lat' dir='ltr'>fa</span> <span class='ocrx_word' id='word_1_280' title='bbox 1089 3527 1178 3596; x_wconf 88' lang='lat' dir='ltr'>versi</span> <span class='ocrx_word' id='word_1_281' title='bbox 1198 3539 1233 3594; x_wconf 87' lang='lat' dir='ltr'>et</span> <span class='ocrx_word' id='word_1_282' title='bbox 1252 3528 1281 3595; x_wconf 92' lang='lat' dir='ltr'>si</span> <span class='ocrx_word' id='word_1_283' title='bbox 1301 3531 1362 3596; x_wconf 88' lang='lat' dir='ltr'>de-</span> 
     </span>
     <span class='ocr_line' id='line_1_29' title="bbox 138 3641 1364 3729; baseline 0.001 -21"><span class='ocrx_word' id='word_1_284' title='bbox 138 3644 219 3712; x_wconf 87' lang='lat' dir='ltr'>letta</span> <span class='ocrx_word' id='word_1_285' title='bbox 234 3644 270 3711; x_wconf 92' lang='lat' dir='ltr'>in</span> <span class='ocrx_word' id='word_1_286' title='bbox 285 3643 398 3729; x_wconf 87' lang='lat' dir='ltr'>questi</span> <span class='ocrx_word' id='word_1_287' title='bbox 414 3643 520 3710; x_wconf 89' lang='lat' dir='ltr'>studii</span> <span class='ocrx_word' id='word_1_288' title='bbox 535 3642 570 3709; x_wconf 92' lang='lat' dir='ltr'>di</span> <span class='ocrx_word' id='word_1_289' title='bbox 585 3641 774 3722; x_wconf 72' lang='lat' dir='ltr'>humanita,</span> <span class='ocrx_word' id='word_1_290' title='bbox 792 3653 827 3709; x_wconf 90' lang='lat' dir='ltr'>et</span> <span class='ocrx_word' id='word_1_291' title='bbox 843 3642 877 3708; x_wconf 95' lang='grc'>10</span> <span class='ocrx_word' id='word_1_292' title='bbox 900 3641 1043 3728; x_wconf 74' lang='lat' dir='ltr'>giouara</span> <span class='ocrx_word' id='word_1_293' title='bbox 1062 3666 1083 3710; x_wconf 93' lang='lat' dir='ltr'>a</span> <span class='ocrx_word' id='word_1_294' title='bbox 1102 3664 1305 3712; x_wconf 89' lang='lat' dir='ltr'>conseruare</span> <span class='ocrx_word' id='word_1_295' title='bbox 1329 3656 1364 3711; x_wconf 90' lang='lat' dir='ltr'>et</span> 
     </span>
    </p>

    <p class='ocr_par' dir='ltr' id='par_1_7' title="bbox 18 3757 905 3859">
     <span class='ocr_line' id='line_1_30' title="bbox 18 3757 905 3859; baseline 0 -35"><span class='ocrx_word' id='word_1_296' title='bbox 18 3832 23 3859; x_wconf 42' lang='lat'>³</span> <span class='ocrx_word' id='word_1_297' title='bbox 138 3771 335 3828; x_wconf 87' lang='lat' dir='ltr'>aumentare</span> <span class='ocrx_word' id='word_1_298' title='bbox 349 3761 383 3825; x_wconf 87' lang='lat' dir='ltr'>la</span> <span class='ocrx_word' id='word_1_299' title='bbox 397 3781 460 3826; x_wconf 88' lang='lat' dir='ltr'>sua</span> <span class='ocrx_word' id='word_1_300' title='bbox 475 3758 597 3841; x_wconf 75' lang='lat' dir='ltr'>sanita,</span> <span class='ocrx_word' id='word_1_301' title='bbox 614 3779 712 3826; x_wconf 87' lang='lat' dir='ltr'>come</span> <span class='ocrx_word' id='word_1_302' title='bbox 727 3757 905 3843; x_wconf 87' lang='lat' dir='ltr'>speriamo.</span> 
     </span>
    </p>

    <p class='ocr_par' dir='ltr' id='par_1_8' title="bbox 138 3873 1364 4424">
     <span class='ocr_line' id='line_1_31' title="bbox 209 3873 1364 3958; baseline 0.001 -16"><span class='ocrx_word' id='word_1_303' title='bbox 209 3895 258 3958; x_wconf 91' lang='lat'>14.</span> <span class='ocrx_word' id='word_1_304' title='bbox 308 3875 443 3942; x_wconf 90' lang='lat' dir='ltr'>Adesso</span> <span class='ocrx_word' id='word_1_305' title='bbox 466 3873 582 3944; x_wconf 86' lang='lat' dir='ltr'>riceuo</span> <span class='ocrx_word' id='word_1_306' title='bbox 603 3874 688 3939; x_wconf 87' lang='lat' dir='ltr'>altre</span> <span class='ocrx_word' id='word_1_307' title='bbox 708 3873 828 3942; x_wconf 88' lang='lat' dir='ltr'>lettere</span> <span class='ocrx_word' id='word_1_308' title='bbox 855 3874 911 3940; x_wconf 89' lang='lat' dir='ltr'>del</span> <span class='ocrx_word' id='word_1_309' title='bbox 939 3876 978 3941; x_wconf 90' lang='lat' dir='ltr'>P.</span> <span class='ocrx_word' id='word_1_310' title='bbox 1009 3877 1175 3956; x_wconf 90' lang='lat' dir='ltr'>Lorenzo,</span> <span class='ocrx_word' id='word_1_311' title='bbox 1205 3876 1364 3944; x_wconf 92' lang='lat' dir='ltr'>hauendo</span> 
     </span>
     <span class='ocr_line' id='line_1_32' title="bbox 139 3988 1364 4075; baseline 0.004 -20"><span class='ocrx_word' id='word_1_312' title='bbox 139 3990 291 4059; x_wconf 86' lang='lat' dir='ltr'>riceuuto</span> <span class='ocrx_word' id='word_1_313' title='bbox 309 3991 395 4058; x_wconf 90' lang='lat' dir='ltr'>altro</span> <span class='ocrx_word' id='word_1_314' title='bbox 411 3989 555 4057; x_wconf 87' lang='lat' dir='ltr'>sabbato</span> <span class='ocrx_word' id='word_1_315' title='bbox 571 3989 616 4056; x_wconf 93' lang='lat' dir='ltr'>da</span> <span class='ocrx_word' id='word_1_316' title='bbox 632 3989 692 4070; x_wconf 91' lang='lat' dir='ltr'>lui,</span> <span class='ocrx_word' id='word_1_317' title='bbox 715 3999 750 4055; x_wconf 88' lang='lat' dir='ltr'>et</span> <span class='ocrx_word' id='word_1_318' title='bbox 770 3988 895 4075; x_wconf 87' lang='lat' dir='ltr'>replica</span> <span class='ocrx_word' id='word_1_319' title='bbox 915 3993 1064 4057; x_wconf 86' lang='lat' dir='ltr'>anchora</span> <span class='ocrx_word' id='word_1_320' title='bbox 1083 3994 1149 4058; x_wconf 87' lang='lat' dir='ltr'>che</span> <span class='ocrx_word' id='word_1_321' title='bbox 1167 3990 1280 4065; x_wconf 85' lang='lat' dir='ltr'>vorria</span> <span class='ocrx_word' id='word_1_322' title='bbox 1297 3994 1364 4061; x_wconf 90' lang='lat' dir='ltr'>che</span> 
     </span>
     <span class='ocr_line' id='line_1_33' title="bbox 139 4104 1363 4192; baseline 0.004 -23"><span class='ocrx_word' id='word_1_323' title='bbox 139 4104 171 4172; x_wconf 91' lang='lat' dir='ltr'>io</span> <span class='ocrx_word' id='word_1_324' title='bbox 192 4117 305 4191; x_wconf 86' lang='lat' dir='ltr'>presto</span> <span class='ocrx_word' id='word_1_325' title='bbox 327 4105 474 4172; x_wconf 87' lang='lat' dir='ltr'>tornassi</span> <span class='ocrx_word' id='word_1_326' title='bbox 494 4127 514 4171; x_wconf 87' lang='lat' dir='ltr'>a</span> <span class='ocrx_word' id='word_1_327' title='bbox 535 4104 682 4190; x_wconf 87' lang='lat' dir='ltr'>Vienna,</span> <span class='ocrx_word' id='word_1_328' title='bbox 707 4114 741 4171; x_wconf 87' lang='lat' dir='ltr'>et</span> <span class='ocrx_word' id='word_1_329' title='bbox 762 4126 878 4192; x_wconf 88' lang='lat' dir='ltr'>veggo</span> <span class='ocrx_word' id='word_1_330' title='bbox 901 4107 1021 4173; x_wconf 89' lang='lat' dir='ltr'>adesso</span> <span class='ocrx_word' id='word_1_331' title='bbox 1042 4129 1088 4172; x_wconf 89' lang='lat' dir='ltr'>vn</span> <span class='ocrx_word' id='word_1_332' title='bbox 1110 4106 1257 4188; x_wconf 89' lang='lat' dir='ltr'>stimolo,</span> <span class='ocrx_word' id='word_1_333' title='bbox 1278 4119 1314 4178; x_wconf 84' lang='lat' dir='ltr'>et</span> <span class='ocrx_word' id='word_1_334' title='bbox 1330 4108 1363 4174; x_wconf 93' lang='lat' dir='ltr'>lo</span> 
     </span>
     <span class='ocr_line' id='line_1_34' title="bbox 138 4219 1363 4310; baseline 0 -20"><span class='ocrx_word' id='word_1_335' title='bbox 138 4233 233 4290; x_wconf 85' lang='lat' dir='ltr'>sento</span> <span class='ocrx_word' id='word_1_336' title='bbox 248 4221 307 4309; x_wconf 74' lang='lat' dir='ltr'>piri</span> <span class='ocrx_word' id='word_1_337' title='bbox 323 4223 387 4288; x_wconf 90' lang='lat' dir='ltr'>che</span> <span class='ocrx_word' id='word_1_338' title='bbox 401 4220 520 4308; x_wconf 89' lang='lat' dir='ltr'>prima,</span> <span class='ocrx_word' id='word_1_339' title='bbox 535 4219 717 4289; x_wconf 87' lang='lat' dir='ltr'>scriuendo</span> <span class='ocrx_word' id='word_1_340' title='bbox 729 4240 826 4288; x_wconf 90' lang='lat' dir='ltr'>come</span> <span class='ocrx_word' id='word_1_341' title='bbox 842 4243 888 4285; x_wconf 90' lang='lat' dir='ltr'>vn</span> <span class='ocrx_word' id='word_1_342' title='bbox 900 4233 1000 4307; x_wconf 86' lang='lat' dir='ltr'>putto</span> <span class='ocrx_word' id='word_1_343' title='bbox 1012 4241 1141 4308; x_wconf 89' lang='lat' dir='ltr'>pouero</span> <span class='ocrx_word' id='word_1_344' title='bbox 1154 4221 1274 4310; x_wconf 84' lang='lat' dir='ltr'>(hoggi</span> <span class='ocrx_word' id='word_1_345' title='bbox 1287 4222 1363 4290; x_wconf 84' lang='lat' dir='ltr'>dice</span> 
     </span>
     <span class='ocr_line' id='line_1_35' title="bbox 138 4334 1362 4424; baseline 0.002 -22"><span class='ocrx_word' id='word_1_346' title='bbox 138 4337 223 4404; x_wconf 82' lang='lat' dir='ltr'>nella</span> <span class='ocrx_word' id='word_1_347' title='bbox 248 4337 388 4422; x_wconf 86' lang='lat' dir='ltr'>lettera)</span> <span class='ocrx_word' id='word_1_348' title='bbox 410 4339 429 4403; x_wconf 80' lang='grc' dir='ltr'>ὁ</span> <span class='ocrx_word' id='word_1_349' title='bbox 453 4346 563 4402; x_wconf 85' lang='lat' dir='ltr'>morto</span> <span class='ocrx_word' id='word_1_350' title='bbox 584 4357 722 4422; x_wconf 87' lang='lat' dir='ltr'>apresso</span> <span class='ocrx_word' id='word_1_351' title='bbox 743 4334 792 4422; x_wconf 90' lang='lat' dir='ltr'>gli</span> <span class='ocrx_word' id='word_1_352' title='bbox 812 4337 1031 4404; x_wconf 89' lang='lat' dir='ltr'>commensali</span> <span class='ocrx_word' id='word_1_353' title='bbox 1051 4337 1086 4403; x_wconf 93' lang='lat' dir='ltr'>di</span> <span class='ocrx_word' id='word_1_354' title='bbox 1106 4349 1214 4424; x_wconf 86' lang='lat' dir='ltr'>peste,</span> <span class='ocrx_word' id='word_1_355' title='bbox 1235 4347 1303 4407; x_wconf 84' lang='lat' dir='ltr'>etc.</span> <span class='ocrx_word' id='word_1_356' title='bbox 1326 4339 1362 4410; x_wconf 93' lang='lat' dir='ltr'>Io</span> 
     </span>
    </p>
   </div>
   <div class='ocr_carea' id='block_1_4' title="bbox 21 4520 1361 4758">
    <p class='ocr_par' dir='ltr' id='par_1_9' title="bbox 21 4520 1361 4758">
     <span class='ocr_line' id='line_1_36' title="bbox 191 4520 803 4596; baseline -0.005 -16"><span class='ocrx_word' id='word_1_357' title='bbox 191 4527 199 4558; x_wconf 82' lang='lat'>¹</span> <span class='ocrx_word' id='word_1_358' title='bbox 236 4524 311 4580; x_wconf 89' lang='lat' dir='ltr'>Vide</span> <span class='ocrx_word' id='word_1_359' title='bbox 325 4524 415 4596; x_wconf 87' lang='lat' dir='ltr'>epist.</span> <span class='ocrx_word' id='word_1_360' title='bbox 434 4522 496 4592; x_wconf 85' lang='lat'>288,</span> <span class='ocrx_word' id='word_1_361' title='bbox 510 4541 542 4578; x_wconf 89' lang='lat' dir='ltr'>n.</span> <span class='ocrx_word' id='word_1_362' title='bbox 563 4533 588 4588; x_wconf 81' lang='lat'>13</span> <span class='ocrx_word' id='word_1_363' title='bbox 602 4531 633 4577; x_wconf 86' lang='lat' dir='ltr'>et</span> <span class='ocrx_word' id='word_1_364' title='bbox 646 4535 755 4593; x_wconf 87' lang='lat' dir='ltr'>294,n.</span> <span class='ocrx_word' id='word_1_365' title='bbox 772 4520 803 4577; x_wconf 89' lang='lat'>3.</span> 
     </span>
     <span class='ocr_line' id='line_1_37' title="bbox 21 4609 1361 4758; baseline 0.001 -88"><span class='ocrx_word' id='word_1_366' title='bbox 21 4679 22 4708; x_wconf 25' lang='grc'>1</span> <span class='ocrx_word' id='word_1_367' title='bbox 138 4613 333 4758; x_wconf 45' lang='lat' dir='ltr'>&amp;Zagrum</span> <span class='ocrx_word' id='word_1_368' title='bbox 352 4629 447 4684; x_wconf 83' lang='lat' dir='ltr'>resp:</span> <span class='ocrx_word' id='word_1_369' title='bbox 466 4613 602 4685; x_wconf 76' lang='lat' dir='ltr'>Vengaa</span> <span class='ocrx_word' id='word_1_370' title='bbox 623 4609 996 4734; x_wconf 68' lang='lat' dir='ltr'>Vinett&#39;aa,dondehallard</span> <span class='ocrx_word' id='word_1_371' title='bbox 1009 4613 1361 4687; x_wconf 72' lang='lat' dir='ltr'>ordendoloqaahahrd</span> 
     </span>
    </p>
   </div>
   <div class='ocr_carea' id='block_1_5' title="bbox 0 0 1770 5380">
    <p class='ocr_par' dir='ltr' id='par_1_10' title="bbox 0 0 1770 5380">
     <span class='ocr_line' id='line_1_38' title="bbox 0 0 1770 5380; baseline 0 0"><span class='ocrx_word' id='word_1_372' title='bbox 0 0 1770 5380; x_wconf 95' lang='lat' dir='ltr'> </span> 
     </span>
    </p>
   </div>
  </div>
 </body>
</html>
