3604 5380
429 479 468 544 8⁰
854 479 887 534 P.
908 479 1050 536 NATAus
1069 480 1235 536 Erumn.

429 629 497 699 Hic
513 653 583 699 non
599 633 711 698 solum
726 629 809 698 mihi
824 630 920 698 visus
935 641 988 700 est
1000 628 1147 702 idoneus
1157 641 1293 718 praeter
1304 641 1471 716 caeteros,
1484 634 1545 702 oed
1556 655 1667 719 quem

428 747 511 828 fere,
530 769 617 833 quos
634 747 885 828 consulueram,
903 767 1023 816 omncs
1038 745 1114 831 alijs
1129 747 1378 833 praeferebant.

496 861 620 932 Orauit
635 883 703 944 me,
717 859 746 928 si
758 861 975 949 contingeret
986 861 1099 948 ipsum
1111 871 1302 948 aegrotare,
1316 873 1354 928 vt
1365 862 1414 929 illi
1426 873 1518 932 esset
1527 863 1665 931 substi—

428 988 525 1048 tutus
540 980 579 1046 P.
597 977 722 1060 Miron,
740 977 833 1062 quod
859 975 1012 1063 probaui.
1043 975 1252 1045 Renuntiaui
1278 976 1385 1064 igitur
1411 977 1660 1064 prouincialem

429 1095 467 1160 P.
485 1093 679 1178 Goncalum
696 1091 853 1172 Vazium‚
871 1091 906 1158 in
922 1111 991 1176 quo
1006 1091 1221 1177 designando
1240 1092 1372 1160 nullum
1392 1093 1492 1179 plane
1512 1095 1661 1161 verbum

427 1207 494 1278 feci
508 1208 564 1277 vel
581 1206 721 1294 reginae
736 1207 788 1273 vel
806 1205 981 1290 cardinali,
999 1215 1037 1271 vt
1051 1206 1169 1276 darem
1185 1205 1378 1293 exemplum
1399 1209 1661 1278 conseruandae

425 1333 564 1408 nostrae
579 1320 757 1402 libertatis,
772 1322 864 1407 quod
876 1321 1028 1388 intellexi
1039 1321 1117 1388 ts!
1133 1320 1240 1391 fuisse
1251 1343 1272 1390 a
1282 1321 1446 1389 cardinali
1458 1324 1656 1409 probatum.

496 1437 606 1508 Simul
613 1436 807 1504 renuntiaui
816 1435 1046 1523 praepositum
1053 1438 1176 1504 domus
1184 1437 1432 1523 vlysiponensis
1454 1439 1494 1504 Ρ.
1507 1439 1551 1506 D.
1567 1441 1660 1505 Tor-

427 1576 512 1636 rem,
530 1553 724 1620 ministrum
752 1554 792 1619 Ρ.
824 1551 1025 1620 michaelem
1052 1553 1095 1619 de
1122 1552 1221 1634 sosa,
1246 1552 1504 1620 subministrum
1527 1556 1568 1622 Ρ.
1588 1556 1663 1622 Mi—

427 1669 582 1738 chaetem
600 1667 854 1755 Perpinianum‚
874 1668 1014 1734 statrem
1031 1666 1137 1735 Petri.

496 1781 677 1853 Rectorem
703 1782 838 1870 collegij
866 1781 1127 1850 conimbriensis
1147 1784 1189 1850 P.
1213 1783 1435 1854 Emanuelem
1456 1785 1604 1852 Aluares
1630 1787 1651 1850 ¹.

499 1962 580 2032 tos
927 1981 1084 2044 uuonan,
1103 1963 1151 2028 2?

494 2133 574 2201 Fuit
589 2131 719 2199 inutilis
734 2133 838 2212 mula,
867 2152 970 2218 quam
997 2131 1138 2200 dederat
1164 2121 1404 2218 regina'Eam
1431 2131 1513 2200 emit
1530 2134 1655 2201 eodem

429 2247 543 2336 precio
560 2259 668 2316 mater
683 2246 791 2314 nostri
808 2249 847 2314 P.
867 2247 1030 2313 Andreae
1050 2244 1224 2332 Caruallij‚
1247 2255 1283 2314 et
1307 2255 1484 2332 praeterea
1509 2249 1650 2328 mulam,

426 2366 528 2432 vilem
542 2363 681 2449 quidem
697 2361 801 2443 illam,
825 2363 886 2452 sed
901 2382 992 2448 quae
1009 2360 1074 2426 tuit
1094 2359 1194 2427 nobis
1220 2359 1324 2442 vtilis,
1347 2362 1489 2428 donauit
1511 2359 1561 2451 [ηε
1581 2386 1653 2432 non

426 2479 530 2548 debui
545 2477 712 2564 accipere,
726 2487 793 2545 etc.
813 2479 950 2545 Mecum
966 2474 1060 2545 venit
1073 2478 1113 2543 P.
1128 2475 1332 2543 Franciscus
1344 2477 1512 2545 Henrices
1524 2488 1560 2544 et
1570 2500 1655 2564 pro-

428 2569 595 2662 uincialis.
614 2591 761 2661 Visitaui
776 2592 869 2677 quod
884 2592 985 2660 erat¹
1008 2588 1190 2676 reliquum.
1212 2591 1386 2676 Respondi
1405 2591 1655 2660 dificultatibus

428 2708 601 2779 Francisci
613 2706 917 2793 Henricij,etiamsi
930 2705 1193 2788 dificulter,tum
1205 2715 1342 2793 propter
1354 2728 1470 2775 earum
1490 2707 1497 2796 Ι
1515 2708 1651 2795 magni-

425 2824 593 2905 tudinem,
623 2835 696 2889 tum
724 2834 862 2908 propter
894 2822 1090 2908 frequentes
1117 2819 1207 2888 illius
1236 2820 1348 2889 Patris
1374 2821 1645 2891 intercessiones.

425 2939 598 3025 Respondi
608 2940 710 3026 longe
717 2937 849 3004 facilius
858 2936 1103 3004 dificultatibus
1113 2935 1224 3006 Patris
1233 2937 1463 3023 prouincialis.
1476 2941 1647 3026 Respondi

422 3053 705 3145 [difficultatibus]
730 3053 878 3142 collegij.
899 3051 1145 3120 Commendaui
1166 3056 1236 3121 M.0
1254 3053 1411 3123 Ferrerio
1432 3064 1469 3120 vt
1484 3075 1649 3142 compen-

424 3170 518 3237 dium
531 3169 614 3236 mihi
626 3170 857 3238 conscriberet
866 3170 910 3235 de
922 3167 1074 3235 moribus
1082 3168 1330 3236 haereticorum
1339 3167 1570 3254 antiquorum,
1581 3183 1645 3238 etc

425 3288 505 3354 Non
519 3284 611 3355 lecit.

489 3399 558 3470 Hic
577 3400 621 3466 ad
641 3397 846 3487 abigendam
869 3397 1056 3466 molestiam
1078 3397 1256 3480 nobilium,
1274 3398 1334 3484 qui
1353 3401 1592 3469 commeabant
1611 3400 1646 3466 in

422 3521 574 3596 hortum,
592 3515 662 3582 dixi
678 3526 715 3580 vt
726 3513 917 3602 deligerent
934 3516 1069 3580 Patrem
1086 3513 1235 3599 aliquem
1250 3515 1443 3600 probatum,
1461 3536 1565 3601 quem
1581 3514 1649 3583 illis

421 3631 642 3699 coniunctum
658 3642 848 3710 monerent,
866 3641 904 3696 vt
919 3649 998 3696 cum
1014 3627 1081 3695 illis
1092 3641 1210 3716 ageret
1224 3630 1268 3696 de
1280 3630 1383 3698 rebus
1397 3629 1643 3717 spiritualibus;

421 3746 480 3834 qui
495 3745 524 3813 si
544 3768 615 3813 non
634 3745 850 3833 proficerent,
873 3755 992 3831 ageret
1012 3745 1056 3812 de
1075 3743 1202 3811 iudicio
1222 3742 1418 3825 vniuersali‚
1435 3747 1479 3814 de
1495 3744 1641 3828 inferno,

420 3862 464 3930 de
480 3863 559 3930 159
573 3861 648 3946 alijs
663 3861 766 3930 rebus
783 3858 1001 3940 terribilibus,
1019 3881 1107 3945 quae
1127 3859 1204 3928 illos
1222 3858 1361 3946 abigere
1376 3872 1526 3947 possent;
1550 3863 1643 3947 quod

419 3977 486 4044 illis
500 3975 616 4058 cessit,
631 3999 709 4044 nam
721 3976 914 4044 maluerunt
930 3975 973 4041 ad
985 3977 1124 4041 hortum
1134 3996 1206 4042 non
1216 3995 1418 4058 commeare,
1431 3997 1534 4061 quam
1546 3976 1643 4044 illum

422 4094 559 4160 Patrem
575 4091 799 4159 disserentem
812 4089 930 4158 audire
943 4093 967 4156 ³.
1064 4121 1066 4128 ·

486 4206 639 4276 Deduxit
653 4227 707 4272 me
724 4207 767 4272 ad
787 4227 892 4272 vnum
908 4217 969 4272 aut
984 4207 1130 4276 alterum
1145 4205 1285 4275 miliare.
1310 4205 1492 4290 Monitum,
1512 4218 1585 4275 tum
1599 4208 1643 4274 de

475 4515 484 4544 ¹
521 4509 570 4564 Nil
585 4507 615 4564 in
628 4507 679 4564 fol.
696 4520 746 4577 157
762 4526 790 4563 v.
802 4507 944 4580 scripturn
957 4517 1013 4564 est.

471 4603 483 4633 ¹
521 4599 589 4666 Ms,
602 4603 669 4653 erat
682 4597 829 4653 iteratum.

470 4689 482 4722 ⁸
519 4687 715 4757 snccumus,
728 4688 785 4742 loc.
803 4685 873 4756 cit.,
888 4705 916 4742 n.
932 4701 976 4758 29.
