3464 5386
350 407 407 476 436
779 408 883 462 Enrsr.
903 405 936 460 P.
956 405 1094 460 Nunti·
1107 403 1160 474 3²9

349 563 414 628 che
431 558 533 628 etiam
553 557 661 644 prima
682 569 836 626 stauamo
863 560 930 626 ben
958 556 1096 624 animati
1112 579 1174 644 per
1189 558 1220 623 la
1237 556 1378 623 uolontd
1399 557 1462 622 che
1481 552 1561 620 cidi

350 674 445 741 Iddio
463 675 506 740 N.
521 675 594 742 spe
611 675 655 740 de
670 673 812 740 seruirlo
827 673 862 738 in
879 673 972 740 aiuto
987 674 1030 740 de
1045 671 1236 759 iprossimi,
1250 671 1286 737 in
1298 680 1419 756 questa
1431 667 1559 756 prouin-

348 789 663 876 tiaspecialmente,
681 790 774 855 etde
791 788 878 876 patir
900 811 960 874 per
983 810 1046 856 suo
1066 809 1179 868 nome,
1198 809 1270 854 non
1290 783 1475 854 solamente
1490 783 1558 850 altri

350 903 508 990 trauagli,
526 925 581 970 ma
597 903 699 972 etiam
714 905 747 970 la
763 914 883 984 morte,
902 925 938 971 se
954 903 988 969 di
1005 905 1116 988 quella
1131 902 1163 969 ci
1180 904 1251 970 fara
1263 902 1379 989 degni.
1394 901 1467 966 Con
1479 909 1561 964 tutto

352 1029 474 1105 questo
490 1020 557 1085 c'e
580 1017 774 1105 gratissimo
799 1022 864 1088 che
890 1021 934 1088 V.
964 1021 1001 1088 S.
1025 1020 1146 1100 sshna,
1164 1039 1261 1086 corne
1281 1019 1361 1102 quel
1383 1027 1515 1102 patrone
1525 1024 1561 1080 et

350 1133 503 1220 principe
519 1137 583 1201 che
599 1132 647 1200 lui
662 1135 695 1215 e,
712 1155 779 1201 con
796 1146 889 1201 tanta
905 1134 1084 1202 clementia
1100 1144 1133 1200 et
1148 1133 1327 1220 benignita
1342 1132 1373 1198 ci
1385 1131 1475 1220 vogli
1491 1132 1562 1194 ino-

351 1251 488 1315 m'mare
513 1253 536 1314 ¹.
567 1249 627 1317 Lei
647 1271 732 1335 pure
752 1249 890 1317 intenda
912 1252 977 1317 che
997 1252 1066 1335 pud
1086 1249 1209 1317 leuarsi
1229 1247 1253 1312 il
1273 1248 1377 1315 dubio
1397 1249 1439 1315 de
1457 1248 1517 1313 che
1529 1245 1563 1310 in

350 1364 433 1431 nuoi
454 1365 504 1430 sia
519 1364 759 1449 pusilanimite,
777 1386 799 1430 o
819 1367 883 1431 che
907 1365 1087 1432 habbiamo
1107 1362 1294 1432 debilitarci
1314 1364 1370 1430 nel
1388 1363 1437 1428 far
1456 1371 1562 1426 nostro

349 1479 468 1548 debito
484 1503 545 1566 per
559 1479 592 1546 le
607 1479 772 1548 difficulter
789 1481 830 1545 de
846 1481 940 1566 quali
956 1479 1137 1546 habbiamo
1147 1479 1311 1565 parlato²
1339 1480 1372 1545 al
1392 1474 1559 1564 principio.

351 1597 483 1662 Perche
499 1619 568 1663 non
583 1596 657 1662 solo
673 1594 708 1661 in
725 1599 835 1682 quest'
854 1617 956 1681 opera
972 1595 1207 1680 prettendemo
1223 1591 1331 1661 seruit
1343 1596 1388 1661 V.
1407 1594 1445 1662 S.
1465 1592 1560 1658 lllma.

350 1711 455 1777 molto
471 1712 586 1796 degne
600 1712 643 1778 de
659 1709 741 1796 ogni
757 1710 910 1790 seruiti0,
933 1732 988 1776 ma
1008 1709 1111 1778 etiam
1134 1701 1228 1775 lddio
1255 1710 1299 1777 N.
1319 1709 1372 1792 8.,
1397 1720 1434 1775 et
1457 1709 1487 1775 al
1502 1708 1562 1773 fine

350 1827 438 1892 della
456 1837 572 1892 nostra
589 1825 766 1894 uocatione
782 1836 817 1893 et
837 1826 958 1912 gratia.
978 1828 1021 1892 Et
1044 1827 1064 1892 e
1082 1826 1115 1891 la
1136 1821 1262 1892 usanza
1278 1835 1394 1892 nostra
1414 1840 1450 1893 et
1469 1822 1563 1888 modo

350 1941 385 2008 di
402 1943 588 2027 procedere
604 1942 647 2008 de
663 1941 713 2006 far
730 1952 824 2008 tanto
840 1941 898 2027 piir
915 1939 1078 2008 difficule
1094 1942 1125 2008 al
1142 1939 1307 2027 principio
1322 1941 1430 2006 d’una
1451 1939 1563 2006 funda-

352 2057 455 2137 tione,
475 2067 603 2142 quanto
619 2055 726 2122 siemo
745 2057 991 2137 resolutissimi,
1014 2056 1114 2143 dopoi
1136 2058 1200 2122 che
1215 2059 1399 2124 haueremo
1421 2076 1518 2142 preso
1535 2054 1564 2120 lo

351 2183 492 2240 assunto
507 2172 542 2238 in
559 2195 673 2256 man0,
691 2172 725 2238 di
742 2194 809 2239 non
827 2195 963 2240 mancar
978 2174 1033 2240 del
1055 2184 1171 2238 nostro
1190 2171 1317 2239 debito.
1336 2170 1374 2240 Si
1390 2173 1455 2239 che
1470 2172 1511 2237 V.
1529 2171 1561 2237 8.

351 2288 457 2353 Illma.
477 2288 505 2353 si
521 2289 688 2373 persuade
703 2290 766 2353 che
783 2289 837 2356 del
852 2298 954 2354 canto
971 2299 1087 2354 nostro
1103 2287 1134 2354 ci
1154 2288 1358 2354 sforzaremo
1379 2307 1512 2372 sempre
1526 2284 1563 2352 de

352 2404 403 2469 sar
419 2403 497 2488 quel
513 2405 578 2471 che
593 2403 759 2471 conuiene
775 2424 835 2490 per
851 2402 873 2467 il
890 2404 957 2470 ben
973 2405 1158 2488 dell'opera
1173 2413 1208 2468 et
1223 2401 1450 2470 satisfattione
1465 2400 1500 2466 di
1512 2399 1562 2466 lei.

351 2519 395 2583 Et
411 2517 522 2584 insino
537 2517 602 2585 aila
619 2529 751 2585 tomata
767 2540 829 2585 sua
844 2519 955 2604 (quale
972 2539 1136 2605 pregamo
1152 2518 1247 2584 lddio
1263 2515 1306 2585 N.
1331 2518 1366 2586 8.
1387 2515 1438 2584 sia
1459 2526 1565 2604 presto

351 2644 386 2701 et
401 2654 466 2699 con
483 2633 586 2699 molta
601 2633 798 2718 prosperita)
815 2635 857 2700 V.
874 2635 910 2724 S.
931 2633 1048 2712 Illma.,
1066 2653 1162 2699 come
1178 2635 1222 2700 ha
1238 2631 1452 2713 cominciato,
1465 2653 1501 2698 se
1514 2631 1564 2696 de·

347 2754 465 2835 gnerd
476 2748 669 2813 continuas)
685 2748 696 2781 ⁸
710 2749 765 2816 nel
777 2750 945 2833 proueder
956 2750 1044 2817 delle
1056 2770 1135 2815 cose
1147 2747 1348 2830 necessarie;
1362 2759 1397 2815 et
1407 2747 1466 2813 noi
1478 2747 1565 2813 l'aiu·
1604 2837 1606 2844 y

353 2873 481 2930 tarento
505 2869 570 2948 per
586 2863 704 2928 adesso
730 2864 743 2895 ⁴
764 2864 820 2930 del
847 2874 963 2929 nostro
979 2875 1079 2930 canto
1107 2863 1252 2930 leuando
1272 2863 1304 2932 le
1328 2862 1471 2950 magiori
1486 2862 1566 2928 difli-

353 2978 446 3044 culti
461 2977 504 3045 de
520 2999 599 3044 casa
618 2988 653 3044 et
673 2977 798 3058 chiesa,
821 2989 857 3045 et
883 2981 993 3046 anche
1019 2979 1074 3045 del
1101 3000 1243 3045 numero
1270 2980 1333 3045 che
1357 2980 1446 3065 deue
1463 2995 1567 3046 essere

353 3093 441 3160 delle
458 3113 613 3177 persone,
632 3094 756 3178 perche
772 3094 887 3178 quello
901 3095 965 3160 che
985 3097 1152 3160 auanzara
1173 3095 1261 3161 della
1281 3093 1418 3174 intrata,
1442 3102 1529 3159 tutto
1542 3088 1566 3157 si

355 3207 485 3272 uoltard
505 3206 540 3272 in
567 3208 701 3272 comodo
718 3209 729 3242 ³
746 3207 834 3275 delia
855 3230 969 3294 opera,
992 3210 1224 3295 spendendolo
1243 3209 1329 3275 bona
1342 3208 1416 3294 fide
1436 3207 1471 3274 in
1494 3207 1566 3274 utile

351 3322 408 3389 del
424 3321 582 3407 collegi0,
600 3321 624 3386 il
639 3323 739 3408 quale
759 3344 828 3388 non
848 3324 867 3390 ὁ
888 3333 1016 3404 nostre,
1041 3345 1095 3390 ma
1116 3323 1151 3389 di
1167 3326 1209 3391 V.
1234 3323 1270 3392 S.
1296 3325 1418 3404 Illma.,
1441 3335 1475 3391 et
1495 3319 1566 3388 tutti

353 3435 434 3502 nuoi
449 3435 568 3521 figlioli
585 3446 620 3504 et
635 3435 727 3504 serui
743 3437 818 3504 suoi
835 3437 988 3524 perpetui
1005 3439 1061 3504 nel
1073 3440 1110 3507 S.
1130 3440 1174 3506 N.

420 3551 450 3616 8.
500 3551 612 3619 Credo
631 3551 724 3638 sapia
741 3554 784 3619 V.
808 3553 845 3622 S.
873 3556 969 3620 ana.
993 3573 1091 3620 come
1110 3553 1168 3641 gid
1190 3557 1337 3621 hauemo
1357 3576 1457 3639 preso
1485 3563 1567 3620 tutto

351 3666 519 3732 l'assunto
530 3666 618 3734 delle
633 3667 778 3750 lettioni‚
792 3671 917 3753 perche
934 3672 1079 3735 hauemo
1094 3668 1117 3734 li
1140 3669 1255 3736 mastn‘
1271 3671 1313 3735 de
1325 3679 1414 3736 tutte
1429 3670 1461 3736 le
1475 3664 1567 3735 classi

353 3779 389 3848 in
405 3781 504 3848 fuora
520 3782 598 3850 dell'
618 3782 747 3862 ultima,
766 3784 797 3849 al
814 3794 940 3851 mastro
956 3785 1044 3852 della
1060 3785 1171 3871 quale,
1186 3786 1351 3866 seculare,
1365 3804 1534 3871 promesse
1547 3781 1566 3845 il

353 3898 395 3961 P.
414 3897 553 3963 Canisio
568 3901 632 3964 che
648 3897 676 3964 si
688 3898 897 3966 lasciarebbe
913 3911 982 3968 star
997 3900 1108 3967 insino
1125 3901 1156 3968 al
1173 3901 1305 3969 Natale.
1322 3901 1435 3987 Dopoi
1451 3919 1565 3988 proue-

410 4165 417 4192 ¹
456 4163 500 4218 Ita
513 4164 668 4219 Polancus.
682 4165 767 4220 Prius
780 4166 937 4239 scripserat
955 4168 1090 4224 librarius
1102 4171 1212 4225 animi.

409 4255 419 4284 ³
457 4252 502 4306 Ita
514 4251 670 4308 Polancus.
685 4255 793 4325 Antea,
807 4257 856 4311 che
867 4257 1024 4312 habbiamo
1035 4257 1130 4330 fatto.

410 4341 420 4372 ³
457 4339 542 4395 Prius
555 4342 696 4414 scriptum
709 4343 805 4399 fuerat
822 4347 971 4411 continue,
985 4347 1063 4419 quod
1082 4347 1251 4404 emendavit
1266 4351 1409 4405 Poiancus
1427 4357 1460 4404 ut
1477 4363 1563 4422 supra.

408 4431 419 4462 ⁴
452 4433 509 4499 per
522 4432 636 4500 adesso,
651 4431 782 4488 additum
796 4452 812 4489 a
825 4435 962 4491 Polanco.
1487 4431 1495 4444 ³

352 4603 371 4658 f
409 4518 420 4550 ⁵
457 4517 641 4574 Vocabulum
656 4524 777 4576 comodo
793 4523 910 4578 suffecit
932 4524 1075 4580 Polancus
1093 4542 1145 4597 pro
1159 4527 1243 4590 utile,
1262 4527 1339 4599 quod
1352 4527 1431 4599 prius
1449 4526 1566 4599 positum

370 4612 464 4660 uerat.
