3604 5380
420 455 458 514 82
847 454 881 508 P.
901 453 1043 508 Nemus
1061 453 1227 508 Eranusa.

489 607 604 678 Lectis
612 606 730 687 literis,
744 627 813 692 quo
825 605 893 672 ritu
905 606 1028 687 solent,
1037 603 1214 672 aduocatis
1226 604 1382 685 testibus,
1396 606 1668 690 respondiissff

422 724 566 793 mesore
588 723 624 790 in
651 721 856 792 obedientia:
874 743 951 804 nec,
974 730 1210 808 praeterquam
1233 720 1367 789 videam
1397 743 1473 790 esse
1489 723 1664 790 volunta·

425 850 494 908 tem
508 838 683 926 principis,
699 837 882 924 quicquam
899 847 1067 904 acturum.

491 955 625 1023 Literae
640 954 865 1042 prohibebant
876 973 921 1019 ne
936 950 1108 1020 visitarem
1125 949 1279 1034 omnino,
1303 962 1486 1036 antequam
1506 952 1662 1020 exhibe-

424 1092 496 1140 rem
512 1070 588 1157 regi
603 1091 697 1138 meas
713 1070 894 1137 facultates
905 1077 940 1134 et
952 1066 1078 1136 literas.

492 1187 554 1252 Est
569 1195 745 1272 praeterea
760 1205 780 1250 a
796 1182 922 1250 nostris
938 1205 958 1250 a
972 1203 1028 1250 me
1042 1180 1184 1248 missurn
1210 1192 1352 1250 senatus
1375 1181 1460 1267 regij
1484 1180 1661 1260 edictum,

413 1321 497 1385 ·quo
512 1300 582 1366 duo
593 1298 896 1368 interdicebantur:
909 1313 1015 1384 pum,
1029 1317 1073 1364 ne
1083 1295 1248 1382 pecunias
1258 1319 1302 1366 ex
1313 1296 1481 1383 Hispania
1491 1299 1661 1364 extrahe-

428 1436 552 1482 remus.
572 1431 675 1496 aum,
693 1435 738 1480 ne
755 1416 890 1481 Patrem
906 1411 1053 1498 aliquem
1068 1423 1128 1480 aut
1144 1413 1293 1480 fratrem.
1313 1414 1514 1481 Addebatur
1529 1433 1573 1480 ne
1586 1433 1667 1498 ego

427 1528 613 1610 visitarem,
626 1531 720 1614 quod
734 1549 844 1596 essem
859 1538 1054 1596 extraneus

496 1646 596 1730 Quae
611 1642 739 1713 fuerint
758 1643 764 1732 Ι
783 1664 909 1710 causae
920 1642 1023 1710 huius
1035 1653 1104 1710 tam
1116 1642 1311 1729 praecipitis
1323 1654 1427 1729 atque
1438 1642 1551 1712 acerbi
1561 1641 1661 1710 iudi-

430 1760 486 1845 cij,
504 1758 581 1844 quis
595 1769 727 1840 auctor,
745 1779 812 1845 ego
828 1757 913 1824 nihil
928 1768 1055 1826 temere
1067 1757 1190 1838 dicam,
1208 1761 1275 1826 X.0
1294 1759 1452 1845 propitio,
1465 1761 1527 1828 sed
1539 1770 1663 1826 tamen

429 1875 497 1941 iam
512 1873 591 1943 inde
607 1873 705 1940 multi
720 1886 802 1957 sunt
816 1872 980 1959 suspicati
992 1871 1097 1941 fuisse
1108 1876 1230 1942 horum
1242 1855 1416 1942 turbinum
1428 1875 1661 1944 architectum

335 2031 342 2044 ·
431 1988 628 2058 Araozium.
651 1991 781 2058 Verum
802 1989 859 2056 illa
879 2010 1054 2075 nunquam
1075 1989 1165 2075 apud
1184 2011 1240 2057 me
1259 1988 1404 2076 suspitio
1422 1989 1588 2071 obtinere,
1608 1990 1660 2055 ita

432 2105 523 2174 enim
545 2104 638 2171 illam
658 2103 738 2186 vici,
761 2116 799 2171 vt
818 2107 919 2192 plane
939 2103 1108 2192 potuerim
1128 2103 1241 2174 iurare
1260 2126 1316 2172 me
1334 2107 1342 2138 ¹
1360 2105 1499 2173 credere
1513 2104 1561 2171 ita
1584 2127 1661 2172 non

432 2240 520 2300 esse,
539 2217 604 2287 nisi
619 2219 700 2306 quia
714 2231 965 2306 procuratores,
979 2203 1038 2307 qui
1050 2230 1219 2288 venerunt
1232 2230 1353 2306 pastea
1365 2243 1411 2288 ex
1422 2229 1570 2306 utraque
1585 2221 1662 2288 Ca-

433 2337 543 2418 stella,
557 2335 649 2402 illam
663 2334 893 2422 suspicionem
906 2333 921 2367 '
936 2335 1192 2418 confirmarunt,
1209 2345 1313 2420 atque
1332 2336 1417 2402 adeo
1436 2333 1526 2402 illius
1546 2335 1660 2402 turbi-

434 2449 488 2518 nis
508 2449 729 2518 coniecerunt
747 2450 834 2518 163
856 2451 990 2536 culpam
1010 2449 1046 2515 in
1069 2449 1266 2530 Araozium,
1288 2471 1394 2534 quum
1415 2472 1482 2536 ego
1509 2449 1593 2516 nihil
1615 2452 1664 2516 de

434 2564 582 2633 Araozio
597 2564 800 2652 suspicarer,
822 2587 935 2650 neque
954 2564 1044 2632 enim
1065 2564 1196 2633 ferebat
1216 2564 1445 2634 conscientiae
1464 2587 1560 2632 meae
1574 2565 1660 2632 sim-

434 2678 584 2767 plicitas,
617 2692 655 2746 vt
683 2691 751 2747 tam
777 2691 874 2749 atrox
901 2679 1033 2748 facinus
1047 2681 1234 2760 crederem,
1249 2690 1318 2747 tam
1334 2679 1552 2766 pernitiosam
1577 2702 1662 2766 pro·

435 2795 621 2886 ditio[nem]
638 2799 683 2865 ab
699 2797 757 2864 tali
774 2800 876 2866 Patre
891 2796 1037 2884 prodire,
1053 2817 1093 2863 ac
1113 2819 1195 2864 nea
1212 2818 1396 2883 quoquam,
1413 2798 1475 2883 qui
1495 2797 1664 2866 Societati

436 2935 561 2982 nomen
573 2913 735 2994 dedisset,
752 2911 922 3000 proficisci
937 2933 1038 2999 posse
1053 2915 1079 2980 ⁸.

504 3029 622 3113 Quum
637 3027 744 3115 igitur
758 3031 826 3095 hoc
841 3049 911 3094 non
926 3048 1073 3114 possem,
1088 3027 1248 3094 subibant
1260 3027 1468 3110 occasiones,
1483 3051 1571 3115 quae
1582 3051 1661 3096 mo-

438 3165 519 3210 uere
534 3143 725 3229 potuissent
749 3155 784 3210 et
804 3164 922 3230 regem
942 3154 978 3212 et
998 3155 1166 3211 senatum.
1195 3143 1360 3225 Primum,
1382 3143 1540 3211 alienatio
1556 3145 1661 3210 animi

438 3257 523 3344 regij
541 3260 614 3325 aP.
630 3260 657 3325 F
659 3258 811 3325 rancisco
822 3268 964 3344 propter
975 3257 1088 3325 fratris
1110 3257 1295 3345 negocium
1316 3258 1321 3346 Ι
1341 3257 1554 3344 hispalensis.
1579 3259 1661 3326 Dis-

437 3372 564 3454 cessio,
583 3383 618 3441 et
634 3372 755 3440 modus
771 3371 1000 3440 discessionis.
1019 3371 1137 3440 Missio
1152 3372 1325 3440 literarum
1342 3395 1384 3440 ex
1406 3372 1514 3460 primo
1538 3373 1667 3460 oppido

438 3489 583 3575 Galljae.
599 3487 715 3556 Missio
726 3510 770 3556 ex
781 3489 931 3556 Castella
942 3487 1115 3557 Marianae
1126 3493 1165 3556 et
1173 3491 1333 3556 Acostae.
1344 3489 1477 3556 Inuidia
1488 3501 1666 3557 contracta

439 3627 482 3673 ex
497 3603 658 3672 missione
673 3604 893 3691 pecuniarum
913 3603 1078 3690 superiori
1096 3615 1259 3690 tempore.
1282 3605 1429 3674 Auersio
1449 3617 1663 3693 magnatum,

438 3719 627 3805 etquidem
643 3742 773 3801 eorum,
791 3719 850 3807 qui
866 3719 973 3788 nostri
984 3729 1082 3786 erant
1093 3719 1239 3806 patroni,
1255 3743 1275 3786 a
1288 3723 1391 3788 Patre
1402 3721 1567 3808 generali,
1581 3744 1665 3808 pro-

439 3847 516 3922 pter
531 3857 654 3923 genuS,
674 3847 745 3902 tum
762 3837 854 3921 quod
868 3835 1019 3902 venisset
1034 3834 1069 3901 in
1084 3834 1231 3902 Galliam
1247 3857 1326 3902 cum
1341 3837 1469 3923 legato,
1486 3840 1585 3905 hoste
1599 3859 1664 3905 no-

440 3951 541 4020 minis
556 3951 701 4038 hispani.
720 3951 888 4032 Offensi0,
903 3953 994 4036 quod
1005 3949 1139 4017 senatui
1150 3950 1376 4020 exhibuerant
1386 3949 1666 4044 condtillMtu·

441 4069 564 4151 tiones,
582 4067 757 4152 inquibus
772 4067 932 4135 viderunt
951 4065 1035 4134 illud
1055 4065 1244 4134 abscissum
1259 4067 1389 4149 folium,
1413 4089 1482 4153 quo
1501 4069 1668 4156 legeban-
1749 4123 1752 4134 .

443 4195 499 4250 tur
516 4184 613 4251 Pauli
627 4183 675 4266 41
702 4185 772 4250 duo
788 4183 845 4250 illa
860 4183 983 4252 edicta.

510 4300 566 4366 Ad
580 4297 801 4380 haecomnia,
816 4299 901 4364 illud
912 4299 1013 4386 plane
1024 4296 1204 4366 videbatur
1216 4298 1300 4366 mihi
1315 4321 1390 4366 esse
1403 4299 1585 4370 verisimile
1597 4303 1670 4368 Ro-

499 4491 507 4522 ¹
545 4489 719 4558 Ms.‚mem.

496 4581 507 4612 ²
546 4577 619 4648 Ms.,
632 4578 870 4650 suspicitionem.

499 4668 510 4699 ³
547 4665 742 4736 siccarum,
753 4669 812 4723 loc.
830 4667 899 4738 cie,
913 4686 944 4722 n.
968 4667 1015 4722 26.
