3604 5380
378 477 429 534 128
796 477 900 533 Errsr.
919 475 952 531 Ρ.
974 475 1182 534 Naum-221

376 629 551 710 citissime,
565 639 600 700 et
612 649 689 696 eam
699 627 837 697 mittent
847 637 942 698 recta
954 629 998 694 ad
1006 631 1143 696 Patrem
1155 639 1311 697 nostrum
1321 629 1526 717 generalem
1540 631 1606 698 sed

376 744 524 832 primum
538 745 582 811 ad
599 747 639 811 P.
658 741 834 812 Canisium
850 745 1060 830 Augustam,
1079 753 1117 810 vt
1131 743 1344 824 breuissime,
1362 765 1450 833 quae
1466 743 1513 812 illi
1533 747 1606 812 Pa-

377 871 447 929 tres
457 858 666 947 scripserint,
679 861 774 947 legat
785 858 891 925 biduo
903 858 959 925 vel
971 858 1095 940 triduo,
1109 871 1157 942 et,
1168 859 1320 927 adhibito
1331 859 1458 928 iudicio
1468 882 1544 943 suo,
1558 862 1605 928 ad

378 978 515 1044 Patrem
531 975 774 1064 {transmittat}
795 976 872 1042 Hoc
887 995 1099 1062 magnopere
1114 996 1232 1042 omnes
1246 975 1490 1044 desideramus.
1507 977 1606 1044 Dent

376 1113 514 1180 operam
531 1094 652 1159 Patres
667 1089 748 1157 huic
764 1089 906 1178 negotio
920 1088 1116 1177 diligenter,
1134 1091 1195 1159 sed
1216 1099 1329 1157 tamen
1350 1089 1397 1158 ita
1416 1101 1455 1157 vt
1474 1113 1518 1159 ne
1537 1113 1602 1178 pe—

376 1207 544 1276 riclitetur
559 1227 678 1274 eorum
694 1203 923 1289 incolumitas,
948 1215 1086 1292 propter
1109 1205 1252 1273 nimium
1274 1205 1436 1274 laborem.
1462 1207 1549 1274 Narn
1571 1207 1604 1274 si

376 1323 451 1392 fieri
470 1332 588 1410 posset
608 1332 646 1387 vt
665 1318 830 1409 proximis
845 1319 1008 1388 nundinis
1019 1321 1190 1403 ederetur,
1204 1331 1295 1389 esset
1306 1321 1464 1388 omnibus
1475 1322 1603 1409 gratis-

375 1439 501 1507 simum
516 1433 551 1508 et
566 1459 636 1504 non
652 1438 783 1522 absque
798 1437 913 1503 fructu
929 1434 1068 1524 insigni.
1087 1435 1197 1506 Simul
1212 1437 1419 1519 curabimus,
1432 1448 1471 1504 vt
1481 1439 1525 1505 ad
1536 1437 1606 1506 alia

376 1555 633 1642 respondeatur,
651 1551 803 1619 libellum
820 1551 934 1634 edere,
952 1573 1022 1638 quo
1039 1562 1231 1640 exponatur
1245 1551 1379 1621 initium
1396 1563 1431 1619 et
1442 1574 1606 1641 progres-

375 1691 436 1738 sus
452 1668 644 1739 Societatis.
663 1666 832 1736 Dominus
847 1665 912 1736 erit
927 1666 1117 1734 vobiscum.

445 1804 477 1854 2.
525 1783 815 1872 Quandoquidem
830 1783 1001 1852 habebitis
1015 1783 1082 1851 iam
1101 1807 1121 1852 a
1135 1795 1252 1852 nostro
1265 1786 1368 1854 Patre
1378 1785 1505 1866 literas,
1522 1785 1605 1871 qui-

376 1904 442 1970 bus
457 1921 512 1969 res
527 1911 661 1970 vestrae
676 1898 880 1987 dirigantur,
898 1897 983 1966 nihil
998 1909 1052 1968 est
1067 1901 1158 1986 quod
1173 1901 1217 1968 de
1233 1899 1275 1968 iis
1295 1901 1339 1967 ad
1357 1921 1419 1968 vos
1439 1901 1601 1982 scribam,

377 2039 490 2103 neque
505 2038 568 2084 vos
582 2017 626 2083 de
641 2015 761 2082 iisdem
777 2015 820 2082 ad
836 2034 891 2081 me
907 2013 1075 2098 scribatis3
1094 2016 1154 2083 sed
1169 2016 1283 2082 omnia
1298 2017 1341 2082 ad
1358 2018 1494 2083 Patrem
1510 2017 1600 2084 reie-

375 2133 468 2200 ratis.

444 2269 475 2334 3.
523 2247 636 2334 Cupio
657 2269 721 2315 vos
739 2269 858 2316 omnes
878 2247 913 2315 in
936 2247 1084 2316 Domino
1106 2249 1195 2316 bene
1217 2247 1342 2330 valere,
1368 2269 1435 2335 ego
1463 2247 1602 2333 quidem

374 2367 465 2434 bene
479 2365 588 2444 vale0,
606 2361 744 2430 Christo
760 2363 881 2450 gratia.
897 2361 1042 2432 Substiti
1055 2363 1183 2450 aliquot
1194 2361 1268 2430 dies
1279 2361 1314 2428 in
1325 2365 1391 2430 hac
1403 2364 1515 2444 domo,
1529 2385 1602 2430 non

375 2479 554 2559 inutiliter,
572 2489 609 2544 vt
625 2499 737 2565 spero,
756 2489 955 2564 occupatus.
973 2477 1107 2545 Deinde
1122 2499 1165 2546 ex
1185 2477 1296 2545 officio
1316 2477 1605 2565 ingolstadienses

377 2604 511 2662 nostros
525 2593 638 2664 inuisi:
658 2593 771 2660 triduo
786 2593 981 2680 proficiscar
997 2593 1254 2679 Oenopontum,
1271 2593 1351 2662 inde
1367 2615 1451 2663 vero
1462 2593 1602 2680 proiici-

375 2731 451 2778 scar
467 2709 636 2778 Viennam
652 2720 687 2778 et
702 2709 745 2775 ad
761 2709 891 2794 reliqua
906 2707 1062 2794 collegia,
1081 2707 1213 2776 etiamsi
1228 2708 1416 2795 intelligam
1436 2708 1600 2796 suspitio-

375 2847 454 2894 nem
469 2824 576 2912 pestis
591 2845 667 2893 esse
682 2823 718 2890 in
733 2823 799 2890 illis
814 2822 1012 2890 ciuitatibus
1030 2825 1053 2890 ¹.
1073 2826 1267 2910 Propterea,
1276 2823 1474 2891 nominatim
1493 2824 1601 2910 cupio

375 2961 452 3009 esse
467 2941 741 3009 commendatum
758 2938 919 3006 Patribus
933 2947 968 3006 et
984 2938 1157 3020 fratribus,
1174 2949 1213 3005 vt
1232 2939 1268 3004 in
1288 2939 1399 3006 missis
1418 2951 1453 3008 et
1472 2938 1601 3007 oratio-

375 3056 478 3123 nibus
493 3055 565 3130 suis
581 3053 796 3122 meminerint
811 3065 1005 3122 nostrorum
1021 3051 1256 3140 collegiorum,
1274 3075 1361 3139 quae
1373 3066 1454 3122 sunt
1465 3055 1500 3122 in
1511 3044 1601 3123 ciui-

297 3157 300 3162 ’
375 3169 517 3252 tatibuS,
534 3191 622 3255 quae
637 3181 734 3256 peste
749 3170 918 3237 laborant.

442 3285 490 3352 Hi
506 3287 627 3352 Patres
642 3295 676 3354 et
694 3286 814 3353 fratres
830 3297 864 3354 et
879 3307 998 3352 omnes
1014 3286 1135 3354 Patres
1151 3295 1186 3382 et
1207 3287 1327 3354 fratres
1346 3285 1430 3353 istos
1448 3288 1603 3355 salutant

373 3401 409 3469 in
425 3399 586 3470 Domin0.
604 3399 773 3469 Dominus
793 3401 838 3468 sit
857 3399 1048 3468 nobiscum:
1070 3422 1131 3467 ora
1150 3423 1212 3486 pro
1232 3423 1298 3482 me,
1322 3403 1436 3470 Pater.
1458 3401 1600 3490 [Augu-

373 3516 471 3608 stael,
489 3516 511 3583 6
526 3515 732 3587 Nouembris
752 3517 847 3601 1562.
867 3518 964 3583 Tuus
978 3515 1014 3582 in
1030 3514 1169 3584 Christo
1185 3537 1318 3598 seruus,

1148 3629 1369 3720 †Nnrnn1s.
1395 3633 1418 3722 's

426 4001 434 4034 ¹
473 3997 549 4054 Vide
562 4001 650 4072 epist.
669 3998 731 4055 218.
