<?xml version="1.0" encoding="UTF-8"?>
<!DOCTYPE html PUBLIC "-//W3C//DTD XHTML 1.0 Transitional//EN"
    "http://www.w3.org/TR/xhtml1/DTD/xhtml1-transitional.dtd">
<html xmlns="http://www.w3.org/1999/xhtml" xml:lang="en" lang="en">
 <head>
  <title>
</title>
<meta http-equiv="Content-Type" content="text/html;charset=utf-8" />
  <meta name='ocr-system' content='tesseract 3.04.00' />
  <meta name='ocr-capabilities' content='ocr_page ocr_carea ocr_par ocr_line ocrx_word'/>
</head>
<body>
  <div class='ocr_page' id='page_1' title='image "./epistolaephiero00nadagoog_0580.png"; bbox 0 0 3544 5390; ppageno 0'>
   <div class='ocr_carea' id='block_1_1' title="bbox 715 468 1408 540">
    <p class='ocr_par' dir='ltr' id='par_1_1' title="bbox 715 468 1408 540">
     <span class='ocr_line' id='line_1_1' title="bbox 715 468 1408 540; baseline 0.001 -16"><span class='ocrx_word' id='word_1_1' title='bbox 715 469 881 525; x_wconf 60' lang='lat' dir='ltr'><strong>merrom</strong></span> <span class='ocrx_word' id='word_1_2' title='bbox 1354 468 1408 540; x_wconf 82' lang='lat'><strong>553</strong></span> 
     </span>
    </p>
   </div>
   <div class='ocr_carea' id='block_1_2' title="bbox 180 617 1437 1237">
    <p class='ocr_par' dir='ltr' id='par_1_2' title="bbox 180 617 1408 797">
     <span class='ocr_line' id='line_1_2' title="bbox 181 617 1408 712; baseline -0.002 -22"><span class='ocrx_word' id='word_1_3' title='bbox 181 645 244 690; x_wconf 89' lang='lat' dir='ltr'><strong>nos</strong></span> <span class='ocrx_word' id='word_1_4' title='bbox 260 632 295 687; x_wconf 91' lang='lat' dir='ltr'><strong>et</strong></span> <span class='ocrx_word' id='word_1_5' title='bbox 310 641 332 704; x_wconf 83' lang='lat'>4</span> <span class='ocrx_word' id='word_1_6' title='bbox 353 639 500 699; x_wconf 88' lang='lat' dir='ltr'><strong>menses,</strong></span> <span class='ocrx_word' id='word_1_7' title='bbox 524 617 717 709; x_wconf 84' lang='lat' dir='ltr'>theologiae</span> <span class='ocrx_word' id='word_1_8' title='bbox 741 640 760 706; x_wconf 99' lang='lat'>3</span> <span class='ocrx_word' id='word_1_9' title='bbox 781 643 916 692; x_wconf 81' lang='lat' dir='ltr'><strong>menses</strong></span> <span class='ocrx_word' id='word_1_10' title='bbox 932 623 1143 712; x_wconf 82' lang='lat' dir='ltr'><strong>ingolstadii,</strong></span> <span class='ocrx_word' id='word_1_11' title='bbox 1162 625 1292 692; x_wconf 90' lang='lat' dir='ltr'><strong>Romae</strong></span> <span class='ocrx_word' id='word_1_12' title='bbox 1309 642 1328 690; x_wconf 88' lang='lat'>2</span> <span class='ocrx_word' id='word_1_13' title='bbox 1345 647 1408 690; x_wconf 90' lang='lat' dir='ltr'><strong>an-</strong></span> 
     </span>
     <span class='ocr_line' id='line_1_3' title="bbox 180 709 529 797; baseline -0.017 -18"><span class='ocrx_word' id='word_1_14' title='bbox 180 734 259 780; x_wconf 91' lang='lat' dir='ltr'><strong>nos.</strong></span> <span class='ocrx_word' id='word_1_15' title='bbox 283 709 337 797; x_wconf 88' lang='lat' dir='ltr'><strong>[ll,</strong></span> <span class='ocrx_word' id='word_1_16' title='bbox 354 710 432 791; x_wconf 88' lang='lat'><strong>482,</strong></span> <span class='ocrx_word' id='word_1_17' title='bbox 451 709 529 797; x_wconf 81' lang='lat'>483]</span> 
     </span>
    </p>

    <p class='ocr_par' dir='ltr' id='par_1_3' title="bbox 181 798 1437 1237">
     <span class='ocr_line' id='line_1_4' title="bbox 254 798 1409 889; baseline 0.003 -24"><span class='ocrx_word' id='word_1_18' title='bbox 254 819 282 865; x_wconf 91' lang='lat'><strong>1.</strong></span> <span class='ocrx_word' id='word_1_19' title='bbox 331 799 444 864; x_wconf 92' lang='lat' dir='ltr'><strong>Vocor</strong></span> <span class='ocrx_word' id='word_1_20' title='bbox 463 798 638 886; x_wconf 78' lang='lat' dir='ltr'><em>Georgius</em></span> <span class='ocrx_word' id='word_1_21' title='bbox 653 799 854 865; x_wconf 78' lang='lat' dir='ltr'><strong>Sclwriiius.</strong></span> <span class='ocrx_word' id='word_1_22' title='bbox 875 816 907 864; x_wconf 90' lang='lat'><strong>2.</strong></span> <span class='ocrx_word' id='word_1_23' title='bbox 923 800 1088 868; x_wconf 82' lang='lat' dir='ltr'><strong>Existimo</strong></span> <span class='ocrx_word' id='word_1_24' title='bbox 1101 823 1154 870; x_wconf 89' lang='lat' dir='ltr'><strong>me</strong></span> <span class='ocrx_word' id='word_1_25' title='bbox 1167 819 1209 889; x_wconf 87' lang='lat'><strong>29</strong></span> <span class='ocrx_word' id='word_1_26' title='bbox 1221 800 1409 868; x_wconf 90' lang='lat' dir='ltr'><strong>absoluisse</strong></span> 
     </span>
     <span class='ocr_line' id='line_1_5' title="bbox 182 886 1410 976; baseline -0.001 -20"><span class='ocrx_word' id='word_1_27' title='bbox 182 909 324 956; x_wconf 88' lang='lat' dir='ltr'><strong>annum.</strong></span> <span class='ocrx_word' id='word_1_28' title='bbox 346 907 378 970; x_wconf 87' lang='lat'><strong>3.</strong></span> <span class='ocrx_word' id='word_1_29' title='bbox 396 887 590 954; x_wconf 82' lang='lat' dir='ltr'><strong>Germanus</strong></span> <span class='ocrx_word' id='word_1_30' title='bbox 606 897 640 955; x_wconf 91' lang='lat' dir='ltr'><strong>et</strong></span> <span class='ocrx_word' id='word_1_31' title='bbox 656 886 845 954; x_wconf 89' lang='lat' dir='ltr'><strong>austriacus</strong></span> <span class='ocrx_word' id='word_1_32' title='bbox 861 909 948 954; x_wconf 88' lang='lat' dir='ltr'><strong>sum.</strong></span> <span class='ocrx_word' id='word_1_33' title='bbox 965 889 1143 957; x_wconf 86' lang='lat' dir='ltr'>Neminem</span> <span class='ocrx_word' id='word_1_34' title='bbox 1156 913 1199 959; x_wconf 87' lang='lat' dir='ltr'><strong>ex</strong></span> <span class='ocrx_word' id='word_1_35' title='bbox 1211 890 1410 976; x_wconf 92' lang='lat' dir='ltr'><strong>parentibus</strong></span> 
     </span>
     <span class='ocr_line' id='line_1_6' title="bbox 183 973 1406 1060; baseline 0 -16"><span class='ocrx_word' id='word_1_36' title='bbox 183 978 295 1044; x_wconf 90' lang='lat' dir='ltr'><strong>habeo</strong></span> <span class='ocrx_word' id='word_1_37' title='bbox 311 973 540 1060; x_wconf 81' lang='lat' dir='ltr'><strong>superstitem.</strong></span> <span class='ocrx_word' id='word_1_38' title='bbox 559 976 591 1042; x_wconf 89' lang='lat'><strong>6.</strong></span> <span class='ocrx_word' id='word_1_39' title='bbox 614 978 752 1042; x_wconf 86' lang='lat' dir='ltr'><strong>Praeter</strong></span> <span class='ocrx_word' id='word_1_40' title='bbox 768 975 906 1042; x_wconf 91' lang='lat' dir='ltr'><strong>unicum</strong></span> <span class='ocrx_word' id='word_1_41' title='bbox 929 979 1078 1059; x_wconf 85' lang='lat' dir='ltr'><strong>fratrem,</strong></span> <span class='ocrx_word' id='word_1_42' title='bbox 1096 978 1267 1046; x_wconf 92' lang='lat' dir='ltr'><strong>neminem</strong></span> <span class='ocrx_word' id='word_1_43' title='bbox 1283 978 1406 1046; x_wconf 88' lang='lat' dir='ltr'><strong>habeo:</strong></span> 
     </span>
     <span class='ocr_line' id='line_1_7' title="bbox 181 1063 1408 1154; baseline -0.002 -20"><span class='ocrx_word' id='word_1_44' title='bbox 181 1067 212 1134; x_wconf 94' lang='lat' dir='ltr'><strong>is</strong></span> <span class='ocrx_word' id='word_1_45' title='bbox 229 1066 295 1132; x_wconf 84' lang='lat' dir='ltr'><strong>tuit</strong></span> <span class='ocrx_word' id='word_1_46' title='bbox 305 1063 488 1148; x_wconf 90' lang='lat' dir='ltr'><strong>aliquando</strong></span> <span class='ocrx_word' id='word_1_47' title='bbox 500 1086 542 1131; x_wconf 86' lang='lat' dir='ltr'><strong>ex</strong></span> <span class='ocrx_word' id='word_1_48' title='bbox 555 1063 727 1132; x_wconf 90' lang='lat' dir='ltr'><strong>Societate</strong></span> <span class='ocrx_word' id='word_1_49' title='bbox 738 1074 865 1154; x_wconf 89' lang='lat' dir='ltr'><strong>nostra.</strong></span> <span class='ocrx_word' id='word_1_50' title='bbox 882 1082 913 1148; x_wconf 92' lang='lat'><strong>7.</strong></span> <span class='ocrx_word' id='word_1_51' title='bbox 928 1068 1123 1152; x_wconf 84' lang='lat' dir='ltr'><strong>Antequam</strong></span> <span class='ocrx_word' id='word_1_52' title='bbox 1136 1067 1311 1154; x_wconf 86' lang='lat' dir='ltr'><strong>ingressus</strong></span> <span class='ocrx_word' id='word_1_53' title='bbox 1323 1067 1408 1133; x_wconf 86' lang='lat' dir='ltr'><strong>fuis-</strong></span> 
     </span>
     <span class='ocr_line' id='line_1_8' title="bbox 181 1152 1437 1237; baseline -0.002 -15"><span class='ocrx_word' id='word_1_54' title='bbox 181 1177 257 1224; x_wconf 88' lang='lat' dir='ltr'><strong>sem</strong></span> <span class='ocrx_word' id='word_1_55' title='bbox 275 1152 493 1232; x_wconf 82' lang='lat' dir='ltr'><strong>Societatem,</strong></span> <span class='ocrx_word' id='word_1_56' title='bbox 516 1153 696 1237; x_wconf 90' lang='lat' dir='ltr'><strong>aliquando</strong></span> <span class='ocrx_word' id='word_1_57' title='bbox 717 1153 829 1220; x_wconf 89' lang='lat' dir='ltr'><strong>sercui</strong></span> <span class='ocrx_word' id='word_1_58' title='bbox 849 1157 856 1188; x_wconf 88' lang='lat'><strong>¹</strong></span> <span class='ocrx_word' id='word_1_59' title='bbox 882 1167 1118 1236; x_wconf 87' lang='lat' dir='ltr'><strong>mercaturam,</strong></span> <span class='ocrx_word' id='word_1_60' title='bbox 1142 1157 1224 1223; x_wconf 90' lang='lat' dir='ltr'><strong>alias</strong></span> <span class='ocrx_word' id='word_1_61' title='bbox 1244 1154 1409 1224; x_wconf 89' lang='lat' dir='ltr'><strong>inseruiui</strong></span> <span class='ocrx_word' id='word_1_62' title='bbox 1435 1225 1437 1230; x_wconf 68' lang='lat'><strong>,</strong></span> 
     </span>
    </p>
   </div>
   <div class='ocr_carea' id='block_1_3' title="bbox 181 1239 1530 1329">
    <p class='ocr_par' dir='ltr' id='par_1_4' title="bbox 181 1239 1530 1329">
     <span class='ocr_line' id='line_1_9' title="bbox 181 1239 1530 1329; baseline -0.001 -17"><span class='ocrx_word' id='word_1_63' title='bbox 181 1245 217 1312; x_wconf 92' lang='lat' dir='ltr'><strong>in</strong></span> <span class='ocrx_word' id='word_1_64' title='bbox 234 1245 313 1310; x_wconf 85' lang='lat' dir='ltr'><strong>aula</strong></span> <span class='ocrx_word' id='word_1_65' title='bbox 329 1239 513 1321; x_wconf 90' lang='lat' dir='ltr'><strong>nobilibus,</strong></span> <span class='ocrx_word' id='word_1_66' title='bbox 532 1241 614 1308; x_wconf 87' lang='lat' dir='ltr'><strong>alias</strong></span> <span class='ocrx_word' id='word_1_67' title='bbox 626 1251 765 1308; x_wconf 88' lang='lat' dir='ltr'><strong>secutus</strong></span> <span class='ocrx_word' id='word_1_68' title='bbox 779 1263 855 1308; x_wconf 90' lang='lat' dir='ltr'><strong>sum</strong></span> <span class='ocrx_word' id='word_1_69' title='bbox 868 1242 1079 1329; x_wconf 87' lang='lat' dir='ltr'><strong>disciplinam</strong></span> <span class='ocrx_word' id='word_1_70' title='bbox 1090 1245 1282 1325; x_wconf 88' lang='lat' dir='ltr'><strong>militarem,</strong></span> <span class='ocrx_word' id='word_1_71' title='bbox 1296 1257 1331 1311; x_wconf 89' lang='lat' dir='ltr'><strong>et</strong></span> <span class='ocrx_word' id='word_1_72' title='bbox 1341 1247 1409 1310; x_wconf 89' lang='lat' dir='ltr'><strong>hoc</strong></span> <span class='ocrx_word' id='word_1_73' title='bbox 1526 1266 1530 1274; x_wconf 89' lang='lat'><em>·</em></span> 
     </span>
    </p>
   </div>
   <div class='ocr_carea' id='block_1_4' title="bbox 175 1329 1472 4440">
    <p class='ocr_par' dir='ltr' id='par_1_5' title="bbox 178 1329 1409 2574">
     <span class='ocr_line' id='line_1_10' title="bbox 179 1329 1409 1424; baseline 0 -26"><span class='ocrx_word' id='word_1_74' title='bbox 179 1333 216 1398; x_wconf 91' lang='lat' dir='ltr'><strong>in</strong></span> <span class='ocrx_word' id='word_1_75' title='bbox 237 1331 391 1410; x_wconf 91' lang='lat' dir='ltr'><strong>Polonia,</strong></span> <span class='ocrx_word' id='word_1_76' title='bbox 410 1329 585 1410; x_wconf 88' lang='lat' dir='ltr'><strong>Bohemia,</strong></span> <span class='ocrx_word' id='word_1_77' title='bbox 604 1329 768 1410; x_wconf 85' lang='lat' dir='ltr'><strong>Morauia,</strong></span> <span class='ocrx_word' id='word_1_78' title='bbox 788 1331 952 1416; x_wconf 87' lang='lat' dir='ltr'><strong>Ungaria,</strong></span> <span class='ocrx_word' id='word_1_79' title='bbox 971 1333 1078 1413; x_wconf 90' lang='lat' dir='ltr'><strong>Italia,</strong></span> <span class='ocrx_word' id='word_1_80' title='bbox 1097 1345 1163 1402; x_wconf 92' lang='lat' dir='ltr'><strong>etc.</strong></span> <span class='ocrx_word' id='word_1_81' title='bbox 1176 1344 1237 1424; x_wconf 76' lang='grc' dir='ltr'><strong>Ι12.</strong></span> <span class='ocrx_word' id='word_1_82' title='bbox 1263 1337 1352 1400; x_wconf 89' lang='lat' dir='ltr'><strong>Puto</strong></span> <span class='ocrx_word' id='word_1_83' title='bbox 1365 1335 1409 1399; x_wconf 90' lang='lat' dir='ltr'><strong>ab</strong></span> 
     </span>
     <span class='ocr_line' id='line_1_11' title="bbox 181 1417 1409 1507; baseline -0.002 -19"><span class='ocrx_word' id='word_1_84' title='bbox 181 1420 344 1488; x_wconf 89' lang='lat' dir='ltr'><strong>undecim</strong></span> <span class='ocrx_word' id='word_1_85' title='bbox 360 1417 459 1484; x_wconf 91' lang='lat' dir='ltr'><strong>annis</strong></span> <span class='ocrx_word' id='word_1_86' title='bbox 479 1439 534 1486; x_wconf 90' lang='lat' dir='ltr'><strong>me</strong></span> <span class='ocrx_word' id='word_1_87' title='bbox 554 1419 620 1486; x_wconf 86' lang='lat' dir='ltr'><strong>iarn</strong></span> <span class='ocrx_word' id='word_1_88' title='bbox 644 1439 719 1484; x_wconf 90' lang='lat' dir='ltr'><strong>esse</strong></span> <span class='ocrx_word' id='word_1_89' title='bbox 739 1417 774 1484; x_wconf 94' lang='lat' dir='ltr'><strong>in</strong></span> <span class='ocrx_word' id='word_1_90' title='bbox 794 1419 977 1501; x_wconf 90' lang='lat' dir='ltr'><strong>Societate,</strong></span> <span class='ocrx_word' id='word_1_91' title='bbox 1001 1433 1036 1489; x_wconf 91' lang='lat' dir='ltr'><strong>et</strong></span> <span class='ocrx_word' id='word_1_92' title='bbox 1051 1423 1160 1507; x_wconf 87' lang='lat' dir='ltr'><strong>primo</strong></span> <span class='ocrx_word' id='word_1_93' title='bbox 1184 1433 1343 1507; x_wconf 89' lang='lat' dir='ltr'><strong>receptus</strong></span> <span class='ocrx_word' id='word_1_94' title='bbox 1359 1421 1409 1487; x_wconf 85' lang='lat' dir='ltr'><strong>fui</strong></span> 
     </span>
     <span class='ocr_line' id='line_1_12' title="bbox 180 1506 1406 1592; baseline -0.001 -15"><span class='ocrx_word' id='word_1_95' title='bbox 180 1513 294 1577; x_wconf 90' lang='lat' dir='ltr'><strong>Roma</strong></span> <span class='ocrx_word' id='word_1_96' title='bbox 309 1509 352 1574; x_wconf 90' lang='lat' dir='ltr'><strong>ab</strong></span> <span class='ocrx_word' id='word_1_97' title='bbox 372 1507 447 1592; x_wconf 89' lang='lat' dir='ltr'><strong>ipso</strong></span> <span class='ocrx_word' id='word_1_98' title='bbox 463 1508 566 1574; x_wconf 88' lang='lat' dir='ltr'><strong>Patre</strong></span> <span class='ocrx_word' id='word_1_99' title='bbox 587 1506 731 1592; x_wconf 87' lang='lat' dir='ltr'><strong>Ignati0,</strong></span> <span class='ocrx_word' id='word_1_100' title='bbox 753 1517 788 1574; x_wconf 91' lang='lat' dir='ltr'><strong>et</strong></span> <span class='ocrx_word' id='word_1_101' title='bbox 805 1507 853 1572; x_wconf 86' lang='lat' dir='ltr'><strong>fui</strong></span> <span class='ocrx_word' id='word_1_102' title='bbox 874 1507 1086 1576; x_wconf 86' lang='lat' dir='ltr'><strong>examinatus</strong></span> <span class='ocrx_word' id='word_1_103' title='bbox 1104 1533 1124 1576; x_wconf 91' lang='lat' dir='ltr'><strong>a</strong></span> <span class='ocrx_word' id='word_1_104' title='bbox 1145 1513 1248 1579; x_wconf 90' lang='lat' dir='ltr'><strong>Patre</strong></span> <span class='ocrx_word' id='word_1_105' title='bbox 1261 1514 1406 1578; x_wconf 88' lang='lat' dir='ltr'><strong>Petro...</strong></span> 
     </span>
     <span class='ocr_line' id='line_1_13' title="bbox 185 1596 1408 1681; baseline -0.001 -15"><span class='ocrx_word' id='word_1_106' title='bbox 185 1619 239 1681; x_wconf 83' lang='lat'><strong>14.</strong></span> <span class='ocrx_word' id='word_1_107' title='bbox 261 1600 344 1666; x_wconf 93' lang='lat' dir='ltr'><strong>Sum</strong></span> <span class='ocrx_word' id='word_1_108' title='bbox 362 1596 520 1661; x_wconf 90' lang='lat' dir='ltr'><strong>sacerdos</strong></span> <span class='ocrx_word' id='word_1_109' title='bbox 535 1618 556 1661; x_wconf 91' lang='lat' dir='ltr'><strong>a</strong></span> <span class='ocrx_word' id='word_1_110' title='bbox 572 1598 731 1680; x_wconf 87' lang='lat' dir='ltr'><strong>paschate</strong></span> <span class='ocrx_word' id='word_1_111' title='bbox 747 1597 814 1662; x_wconf 92' lang='lat' dir='ltr'><strong>huc</strong></span> <span class='ocrx_word' id='word_1_112' title='bbox 832 1618 953 1681; x_wconf 91' lang='lat' dir='ltr'><strong>usque..</strong></span> <span class='ocrx_word' id='word_1_113' title='bbox 972 1614 1022 1680; x_wconf 84' lang='grc'><strong>15.</strong></span> <span class='ocrx_word' id='word_1_114' title='bbox 1046 1601 1073 1665; x_wconf 93' lang='lat' dir='ltr'>F</span> <span class='ocrx_word' id='word_1_115' title='bbox 1076 1599 1110 1664; x_wconf 92' lang='lat' dir='ltr'><strong>ui</strong></span> <span class='ocrx_word' id='word_1_116' title='bbox 1126 1603 1316 1678; x_wconf 87' lang='lat' dir='ltr'><strong>Messanae,</strong></span> <span class='ocrx_word' id='word_1_117' title='bbox 1340 1601 1408 1665; x_wconf 87' lang='lat' dir='ltr'><strong>Pa-</strong></span> 
     </span>
     <span class='ocr_line' id='line_1_14' title="bbox 179 1683 1406 1774; baseline -0.001 -20"><span class='ocrx_word' id='word_1_118' title='bbox 179 1685 295 1754; x_wconf 91' lang='lat' dir='ltr'><strong>normi</strong></span> <span class='ocrx_word' id='word_1_119' title='bbox 311 1697 346 1751; x_wconf 90' lang='lat' dir='ltr'><strong>et</strong></span> <span class='ocrx_word' id='word_1_120' title='bbox 361 1683 657 1770; x_wconf 74' lang='lat' dir='ltr'><strong>in&#39;Monte-regio,</strong></span> <span class='ocrx_word' id='word_1_121' title='bbox 676 1683 830 1769; x_wconf 86' lang='lat' dir='ltr'><strong>Neapoli,</strong></span> <span class='ocrx_word' id='word_1_122' title='bbox 845 1687 973 1754; x_wconf 89' lang='lat' dir='ltr'><strong>Romae</strong></span> <span class='ocrx_word' id='word_1_123' title='bbox 984 1686 1020 1751; x_wconf 90' lang='lat' dir='ltr'><strong>in</strong></span> <span class='ocrx_word' id='word_1_124' title='bbox 1036 1687 1181 1774; x_wconf 88' lang='lat' dir='ltr'><strong>collegio</strong></span> <span class='ocrx_word' id='word_1_125' title='bbox 1197 1688 1406 1773; x_wconf 82' lang='lat' dir='ltr'><strong>germanicO,</strong></span> 
     </span>
     <span class='ocr_line' id='line_1_15' title="bbox 180 1771 1406 1863; baseline -0.002 -19"><span class='ocrx_word' id='word_1_126' title='bbox 180 1772 397 1863; x_wconf 88' lang='lat' dir='ltr'><strong>lngolstadii,</strong></span> <span class='ocrx_word' id='word_1_127' title='bbox 426 1771 610 1854; x_wconf 90' lang='lat' dir='ltr'><strong>Monachii,</strong></span> <span class='ocrx_word' id='word_1_128' title='bbox 638 1782 673 1837; x_wconf 90' lang='lat' dir='ltr'><strong>et</strong></span> <span class='ocrx_word' id='word_1_129' title='bbox 700 1774 770 1838; x_wconf 83' lang='lat' dir='ltr'><strong>sere</strong></span> <span class='ocrx_word' id='word_1_130' title='bbox 795 1773 909 1839; x_wconf 89' lang='lat' dir='ltr'><strong>omnia</strong></span> <span class='ocrx_word' id='word_1_131' title='bbox 935 1775 1078 1862; x_wconf 83' lang='lat' dir='ltr'><strong>collegia</strong></span> <span class='ocrx_word' id='word_1_132' title='bbox 1105 1776 1140 1842; x_wconf 88' lang='lat' dir='ltr'><strong>in</strong></span> <span class='ocrx_word' id='word_1_133' title='bbox 1161 1777 1257 1843; x_wconf 90' lang='lat' dir='ltr'><strong>ltalia</strong></span> <span class='ocrx_word' id='word_1_134' title='bbox 1291 1776 1406 1842; x_wconf 89' lang='lat' dir='ltr'><strong>inuisi.</strong></span> 
     </span>
     <span class='ocr_line' id='line_1_16' title="bbox 186 1859 1409 1948; baseline -0.001 -16"><span class='ocrx_word' id='word_1_135' title='bbox 186 1867 241 1932; x_wconf 89' lang='lat'><strong>16.</strong></span> <span class='ocrx_word' id='word_1_136' title='bbox 262 1865 405 1942; x_wconf 89' lang='lat' dir='ltr'><strong>Omnes,</strong></span> <span class='ocrx_word' id='word_1_137' title='bbox 423 1859 568 1929; x_wconf 91' lang='lat' dir='ltr'><strong>diuersis</strong></span> <span class='ocrx_word' id='word_1_138' title='bbox 584 1872 697 1929; x_wconf 89' lang='lat' dir='ltr'><strong>tamen</strong></span> <span class='ocrx_word' id='word_1_139' title='bbox 717 1859 752 1926; x_wconf 93' lang='lat' dir='ltr'><strong>in</strong></span> <span class='ocrx_word' id='word_1_140' title='bbox 779 1861 873 1941; x_wconf 90' lang='lat' dir='ltr'><strong>locis,</strong></span> <span class='ocrx_word' id='word_1_141' title='bbox 893 1864 1108 1948; x_wconf 90' lang='lat' dir='ltr'><strong>probationes</strong></span> <span class='ocrx_word' id='word_1_142' title='bbox 1123 1865 1272 1934; x_wconf 88' lang='lat' dir='ltr'><strong>exercui.</strong></span> <span class='ocrx_word' id='word_1_143' title='bbox 1300 1881 1350 1947; x_wconf 90' lang='lat'><strong>17.</strong></span> <span class='ocrx_word' id='word_1_144' title='bbox 1370 1867 1409 1931; x_wconf 92' lang='lat' dir='ltr'><strong>ln</strong></span> 
     </span>
     <span class='ocr_line' id='line_1_17' title="bbox 181 1949 1409 2035; baseline 0 -15"><span class='ocrx_word' id='word_1_145' title='bbox 181 1953 359 2024; x_wconf 90' lang='lat' dir='ltr'><strong>Societate</strong></span> <span class='ocrx_word' id='word_1_146' title='bbox 372 1949 419 2015; x_wconf 86' lang='lat' dir='ltr'><strong>fui</strong></span> <span class='ocrx_word' id='word_1_147' title='bbox 436 1951 619 2035; x_wconf 89' lang='lat' dir='ltr'><strong>subcoqus‚</strong></span> <span class='ocrx_word' id='word_1_148' title='bbox 643 1949 898 2030; x_wconf 77' lang='lat' dir='ltr'><strong>credentiariuS,</strong></span> <span class='ocrx_word' id='word_1_149' title='bbox 913 1951 1077 2034; x_wconf 89' lang='lat' dir='ltr'><strong>minister,</strong></span> <span class='ocrx_word' id='word_1_150' title='bbox 1091 1953 1311 2020; x_wconf 89' lang='lat' dir='ltr'><strong>subminister</strong></span> <span class='ocrx_word' id='word_1_151' title='bbox 1322 1965 1357 2022; x_wconf 90' lang='lat' dir='ltr'><strong>et</strong></span> <span class='ocrx_word' id='word_1_152' title='bbox 1373 1953 1409 2021; x_wconf 92' lang='lat' dir='ltr'><strong>in</strong></span> 
     </span>
     <span class='ocr_line' id='line_1_18' title="bbox 180 2038 1409 2128; baseline -0.002 -18"><span class='ocrx_word' id='word_1_153' title='bbox 180 2042 260 2110; x_wconf 89' lang='lat' dir='ltr'><strong>aliis</strong></span> <span class='ocrx_word' id='word_1_154' title='bbox 276 2039 445 2109; x_wconf 88' lang='lat' dir='ltr'><strong>exercitiis</strong></span> <span class='ocrx_word' id='word_1_155' title='bbox 462 2038 510 2104; x_wconf 86' lang='lat' dir='ltr'><strong>fui</strong></span> <span class='ocrx_word' id='word_1_156' title='bbox 526 2039 700 2123; x_wconf 88' lang='lat' dir='ltr'><strong>probatus.</strong></span> <span class='ocrx_word' id='word_1_157' title='bbox 716 2039 882 2104; x_wconf 91' lang='lat' dir='ltr'><strong>Inseruiui</strong></span> <span class='ocrx_word' id='word_1_158' title='bbox 896 2041 1111 2126; x_wconf 88' lang='lat' dir='ltr'><strong>pauperibus:</strong></span> <span class='ocrx_word' id='word_1_159' title='bbox 1130 2042 1212 2109; x_wconf 91' lang='lat' dir='ltr'><strong>alias</strong></span> <span class='ocrx_word' id='word_1_160' title='bbox 1226 2043 1274 2108; x_wconf 84' lang='lat' dir='ltr'><strong>fui</strong></span> <span class='ocrx_word' id='word_1_161' title='bbox 1287 2063 1409 2128; x_wconf 90' lang='lat' dir='ltr'><strong>super-</strong></span> 
     </span>
     <span class='ocr_line' id='line_1_19' title="bbox 180 2126 1409 2218; baseline -0.002 -20"><span class='ocrx_word' id='word_1_162' title='bbox 180 2131 367 2198; x_wconf 87' lang='lat' dir='ltr'><strong>intendens</strong></span> <span class='ocrx_word' id='word_1_163' title='bbox 383 2149 486 2212; x_wconf 89' lang='lat' dir='ltr'><strong>super</strong></span> <span class='ocrx_word' id='word_1_164' title='bbox 501 2126 590 2194; x_wconf 89' lang='lat' dir='ltr'><strong>mille</strong></span> <span class='ocrx_word' id='word_1_165' title='bbox 602 2147 769 2212; x_wconf 87' lang='lat' dir='ltr'><strong>pauperes</strong></span> <span class='ocrx_word' id='word_1_166' title='bbox 784 2149 844 2212; x_wconf 93' lang='lat' dir='ltr'><strong>per</strong></span> <span class='ocrx_word' id='word_1_167' title='bbox 856 2149 916 2194; x_wconf 87' lang='lat' dir='ltr'><strong>sex</strong></span> <span class='ocrx_word' id='word_1_168' title='bbox 932 2151 1066 2197; x_wconf 90' lang='lat' dir='ltr'><strong>menses</strong></span> <span class='ocrx_word' id='word_1_169' title='bbox 1079 2142 1230 2218; x_wconf 90' lang='lat' dir='ltr'><strong>tempore</strong></span> <span class='ocrx_word' id='word_1_170' title='bbox 1243 2133 1361 2217; x_wconf 88' lang='lat' dir='ltr'><strong>Vegae</strong></span> <span class='ocrx_word' id='word_1_171' title='bbox 1373 2131 1409 2196; x_wconf 92' lang='lat' dir='ltr'><strong>in</strong></span> 
     </span>
     <span class='ocr_line' id='line_1_20' title="bbox 180 2213 1409 2300; baseline -0.004 -9"><span class='ocrx_word' id='word_1_172' title='bbox 180 2219 342 2291; x_wconf 90' lang='lat' dir='ltr'><strong>Sicilia...</strong></span> <span class='ocrx_word' id='word_1_173' title='bbox 364 2217 414 2283; x_wconf 92' lang='lat'><strong>18.</strong></span> <span class='ocrx_word' id='word_1_174' title='bbox 434 2217 525 2282; x_wconf 92' lang='lat' dir='ltr'><strong>Vota</strong></span> <span class='ocrx_word' id='word_1_175' title='bbox 539 2213 636 2280; x_wconf 87' lang='lat' dir='ltr'><strong>emisi</strong></span> <span class='ocrx_word' id='word_1_176' title='bbox 651 2225 730 2300; x_wconf 92' lang='lat' dir='ltr'><strong>post</strong></span> <span class='ocrx_word' id='word_1_177' title='bbox 751 2217 837 2281; x_wconf 65' lang='lat' dir='ltr'><strong>(aum</strong></span> <span class='ocrx_word' id='word_1_178' title='bbox 858 2239 1007 2286; x_wconf 91' lang='lat' dir='ltr'><strong>mensem</strong></span> <span class='ocrx_word' id='word_1_179' title='bbox 1030 2220 1157 2286; x_wconf 87' lang='lat' dir='ltr'><strong>Romae</strong></span> <span class='ocrx_word' id='word_1_180' title='bbox 1177 2233 1256 2287; x_wconf 89' lang='lat' dir='ltr'><strong>ante</strong></span> <span class='ocrx_word' id='word_1_181' title='bbox 1278 2222 1317 2286; x_wconf 91' lang='grc' dir='ltr'><strong>Ρ.</strong></span> <span class='ocrx_word' id='word_1_182' title='bbox 1339 2223 1409 2286; x_wconf 86' lang='grc' dir='ltr'><strong>Ρο-</strong></span> 
     </span>
     <span class='ocr_line' id='line_1_21' title="bbox 179 2302 1409 2394; baseline -0.002 -18"><span class='ocrx_word' id='word_1_183' title='bbox 179 2313 333 2376; x_wconf 87' lang='lat' dir='ltr'><strong>laneum.</strong></span> <span class='ocrx_word' id='word_1_184' title='bbox 354 2302 458 2394; x_wconf 72' lang='lat' dir='ltr'><strong>[Sela]</strong></span> <span class='ocrx_word' id='word_1_185' title='bbox 479 2323 507 2370; x_wconf 93' lang='lat'><strong>1.</strong></span> <span class='ocrx_word' id='word_1_186' title='bbox 528 2306 594 2370; x_wconf 86' lang='lat' dir='ltr'><strong>Per</strong></span> <span class='ocrx_word' id='word_1_187' title='bbox 609 2323 631 2386; x_wconf 89' lang='lat'>4</span> <span class='ocrx_word' id='word_1_188' title='bbox 646 2325 754 2369; x_wconf 91' lang='lat' dir='ltr'><strong>annos</strong></span> <span class='ocrx_word' id='word_1_189' title='bbox 769 2303 804 2368; x_wconf 94' lang='lat' dir='ltr'><strong>in</strong></span> <span class='ocrx_word' id='word_1_190' title='bbox 820 2306 1080 2373; x_wconf 90' lang='lat' dir='ltr'><strong>humanioribus</strong></span> <span class='ocrx_word' id='word_1_191' title='bbox 1100 2308 1206 2376; x_wconf 87' lang='lat' dir='ltr'><strong>literis</strong></span> <span class='ocrx_word' id='word_1_192' title='bbox 1227 2309 1304 2375; x_wconf 92' lang='lat' dir='ltr'><strong>dedi</strong></span> <span class='ocrx_word' id='word_1_193' title='bbox 1325 2330 1409 2394; x_wconf 88' lang='lat' dir='ltr'><strong>ope-</strong></span> 
     </span>
     <span class='ocr_line' id='line_1_22' title="bbox 180 2391 1408 2482; baseline -0.001 -17"><span class='ocrx_word' id='word_1_194' title='bbox 180 2419 269 2476; x_wconf 91' lang='lat' dir='ltr'><strong>ram,</strong></span> <span class='ocrx_word' id='word_1_195' title='bbox 289 2406 407 2482; x_wconf 88' lang='lat' dir='ltr'><strong>postea</strong></span> <span class='ocrx_word' id='word_1_196' title='bbox 425 2391 529 2458; x_wconf 92' lang='lat' dir='ltr'><strong>docui</strong></span> <span class='ocrx_word' id='word_1_197' title='bbox 550 2413 673 2478; x_wconf 90' lang='lat' dir='ltr'><strong>pueros</strong></span> <span class='ocrx_word' id='word_1_198' title='bbox 693 2393 947 2478; x_wconf 86' lang='lat' dir='ltr'><strong>grammaticam</strong></span> <span class='ocrx_word' id='word_1_199' title='bbox 969 2417 1028 2480; x_wconf 91' lang='lat' dir='ltr'><strong>per</strong></span> <span class='ocrx_word' id='word_1_200' title='bbox 1050 2416 1069 2479; x_wconf 88' lang='lat'>3</span> <span class='ocrx_word' id='word_1_201' title='bbox 1090 2417 1237 2463; x_wconf 81' lang='lat' dir='ltr'><strong>annos..</strong></span> <span class='ocrx_word' id='word_1_202' title='bbox 1262 2398 1294 2462; x_wconf 90' lang='lat'><strong>6.</strong></span> <span class='ocrx_word' id='word_1_203' title='bbox 1317 2397 1408 2464; x_wconf 90' lang='lat' dir='ltr'><strong>Gra—</strong></span> 
     </span>
     <span class='ocr_line' id='line_1_23' title="bbox 178 2481 1409 2574; baseline -0.002 -20"><span class='ocrx_word' id='word_1_204' title='bbox 178 2489 267 2554; x_wconf 91' lang='lat' dir='ltr'><strong>dum</strong></span> <span class='ocrx_word' id='word_1_205' title='bbox 285 2481 472 2568; x_wconf 83' lang='lat' dir='ltr'><strong>magisterii</strong></span> <span class='ocrx_word' id='word_1_206' title='bbox 488 2491 666 2549; x_wconf 89' lang='lat' dir='ltr'><strong>assecutus</strong></span> <span class='ocrx_word' id='word_1_207' title='bbox 680 2503 756 2547; x_wconf 91' lang='lat' dir='ltr'><strong>sum</strong></span> <span class='ocrx_word' id='word_1_208' title='bbox 773 2483 838 2548; x_wconf 92' lang='lat' dir='ltr'><strong>sub</strong></span> <span class='ocrx_word' id='word_1_209' title='bbox 850 2483 988 2550; x_wconf 90' lang='lat' dir='ltr'><strong>doctore</strong></span> <span class='ocrx_word' id='word_1_210' title='bbox 1001 2485 1154 2551; x_wconf 87' lang='lat' dir='ltr'><strong>Tolledo.</strong></span> <span class='ocrx_word' id='word_1_211' title='bbox 1171 2485 1224 2574; x_wconf 76' lang='lat' dir='ltr'><strong>[lh</strong></span> <span class='ocrx_word' id='word_1_212' title='bbox 1238 2487 1316 2568; x_wconf 87' lang='grc'>484,</span> <span class='ocrx_word' id='word_1_213' title='bbox 1330 2486 1409 2574; x_wconf 91' lang='grc'>485]</span> 
     </span>
    </p>

    <p class='ocr_par' dir='ltr' id='par_1_6' title="bbox 176 2569 1410 3285">
     <span class='ocr_line' id='line_1_24' title="bbox 257 2569 1407 2656; baseline 0.001 -17"><span class='ocrx_word' id='word_1_214' title='bbox 257 2592 285 2639; x_wconf 90' lang='lat'><strong>1.</strong></span> <span class='ocrx_word' id='word_1_215' title='bbox 340 2571 544 2639; x_wconf 79' lang='lat' dir='ltr'><strong>Garlrardus</strong></span> <span class='ocrx_word' id='word_1_216' title='bbox 561 2571 690 2636; x_wconf 78' lang='lat' dir='ltr'><strong>Iseren.</strong></span> <span class='ocrx_word' id='word_1_217' title='bbox 710 2587 741 2636; x_wconf 87' lang='lat'><strong>2.</strong></span> <span class='ocrx_word' id='word_1_218' title='bbox 767 2569 898 2656; x_wconf 85' lang='lat' dir='ltr'><strong>Viginti</strong></span> <span class='ocrx_word' id='word_1_219' title='bbox 920 2592 1037 2638; x_wconf 91' lang='lat' dir='ltr'><strong>unum.</strong></span> <span class='ocrx_word' id='word_1_220' title='bbox 1059 2593 1089 2656; x_wconf 89' lang='lat'><strong>3.</strong></span> <span class='ocrx_word' id='word_1_221' title='bbox 1118 2575 1313 2642; x_wconf 89' lang='lat' dir='ltr'><strong>Germanus</strong></span> <span class='ocrx_word' id='word_1_222' title='bbox 1337 2575 1407 2641; x_wconf 83' lang='lat' dir='ltr'><strong>Cli-</strong></span> 
     </span>
     <span class='ocr_line' id='line_1_25' title="bbox 179 2656 1409 2748; baseline 0.001 -18"><span class='ocrx_word' id='word_1_223' title='bbox 179 2664 262 2731; x_wconf 86' lang='lat' dir='ltr'><strong>viae</strong></span> <span class='ocrx_word' id='word_1_224' title='bbox 273 2659 489 2738; x_wconf 86' lang='lat' dir='ltr'><strong>vltraiectini,</strong></span> <span class='ocrx_word' id='word_1_225' title='bbox 507 2656 768 2742; x_wconf 79' lang='lat' dir='ltr'><strong>embricensis...</strong></span> <span class='ocrx_word' id='word_1_226' title='bbox 792 2678 842 2725; x_wconf 86' lang='lat'><strong>12.</strong></span> <span class='ocrx_word' id='word_1_227' title='bbox 863 2662 955 2728; x_wconf 86' lang='lat' dir='ltr'><strong>Ante</strong></span> <span class='ocrx_word' id='word_1_228' title='bbox 971 2672 1040 2728; x_wconf 92' lang='lat' dir='ltr'><strong>tres</strong></span> <span class='ocrx_word' id='word_1_229' title='bbox 1056 2684 1163 2728; x_wconf 88' lang='lat' dir='ltr'><strong>annos</strong></span> <span class='ocrx_word' id='word_1_230' title='bbox 1179 2663 1292 2730; x_wconf 83' lang='lat' dir='ltr'><strong>statim</strong></span> <span class='ocrx_word' id='word_1_231' title='bbox 1305 2675 1409 2748; x_wconf 89' lang='lat' dir='ltr'><strong>atque</strong></span> 
     </span>
     <span class='ocr_line' id='line_1_26' title="bbox 179 2746 1409 2836; baseline 0.001 -18"><span class='ocrx_word' id='word_1_232' title='bbox 179 2763 306 2818; x_wconf 92' lang='lat' dir='ltr'><strong>votum</strong></span> <span class='ocrx_word' id='word_1_233' title='bbox 322 2747 512 2828; x_wconf 89' lang='lat' dir='ltr'><strong>emiseram,</strong></span> <span class='ocrx_word' id='word_1_234' title='bbox 530 2757 564 2814; x_wconf 91' lang='lat' dir='ltr'><strong>et</strong></span> <span class='ocrx_word' id='word_1_235' title='bbox 579 2749 646 2822; x_wconf 89' lang='lat' dir='ltr'><strong>hoc</strong></span> <span class='ocrx_word' id='word_1_236' title='bbox 663 2769 682 2812; x_wconf 92' lang='lat' dir='ltr'><strong>a</strong></span> <span class='ocrx_word' id='word_1_237' title='bbox 702 2746 839 2812; x_wconf 92' lang='lat' dir='ltr'><strong>domino</strong></span> <span class='ocrx_word' id='word_1_238' title='bbox 855 2750 1032 2815; x_wconf 75' lang='lat' dir='ltr'><strong>leonardo</strong></span> <span class='ocrx_word' id='word_1_239' title='bbox 1049 2751 1211 2820; x_wconf 89' lang='lat' dir='ltr'><strong>Coloniae</strong></span> <span class='ocrx_word' id='word_1_240' title='bbox 1227 2752 1330 2836; x_wconf 89' lang='lat' dir='ltr'><strong>inque</strong></span> <span class='ocrx_word' id='word_1_241' title='bbox 1347 2773 1409 2818; x_wconf 92' lang='lat' dir='ltr'><strong>co-</strong></span> 
     </span>
     <span class='ocr_line' id='line_1_27' title="bbox 179 2834 1409 2922; baseline 0.002 -14"><span class='ocrx_word' id='word_1_242' title='bbox 179 2837 332 2908; x_wconf 90' lang='lat' dir='ltr'><strong>loniensi</strong></span> <span class='ocrx_word' id='word_1_243' title='bbox 348 2837 505 2922; x_wconf 90' lang='lat' dir='ltr'><strong>collegio:</strong></span> <span class='ocrx_word' id='word_1_244' title='bbox 524 2834 572 2900; x_wconf 83' lang='lat' dir='ltr'><strong>sui</strong></span> <span class='ocrx_word' id='word_1_245' title='bbox 587 2835 689 2902; x_wconf 90' lang='lat' dir='ltr'><strong>etiam</strong></span> <span class='ocrx_word' id='word_1_246' title='bbox 706 2845 787 2901; x_wconf 92' lang='lat' dir='ltr'><strong>tunc</strong></span> <span class='ocrx_word' id='word_1_247' title='bbox 804 2837 1056 2905; x_wconf 84' lang='lat' dir='ltr'><strong>examinatus...</strong></span> <span class='ocrx_word' id='word_1_248' title='bbox 1080 2859 1129 2920; x_wconf 88' lang='lat'><strong>14.</strong></span> <span class='ocrx_word' id='word_1_249' title='bbox 1150 2843 1227 2907; x_wconf 92' lang='lat' dir='ltr'><strong>Non</strong></span> <span class='ocrx_word' id='word_1_250' title='bbox 1243 2863 1332 2922; x_wconf 90' lang='lat' dir='ltr'><strong>sum,</strong></span> <span class='ocrx_word' id='word_1_251' title='bbox 1347 2864 1409 2910; x_wconf 89' lang='lat' dir='ltr'><strong>ne-</strong></span> 
     </span>
     <span class='ocr_line' id='line_1_28' title="bbox 179 2924 1410 3015; baseline -0.002 -19"><span class='ocrx_word' id='word_1_252' title='bbox 179 2951 253 3015; x_wconf 90' lang='lat' dir='ltr'><strong>que</strong></span> <span class='ocrx_word' id='word_1_253' title='bbox 269 2927 423 2995; x_wconf 87' lang='lat' dir='ltr'><strong>ordinem</strong></span> <span class='ocrx_word' id='word_1_254' title='bbox 439 2925 544 2990; x_wconf 93' lang='lat' dir='ltr'><strong>vllum</strong></span> <span class='ocrx_word' id='word_1_255' title='bbox 561 2926 681 2991; x_wconf 90' lang='lat' dir='ltr'><strong>habeo.</strong></span> <span class='ocrx_word' id='word_1_256' title='bbox 704 2939 754 3007; x_wconf 85' lang='lat'><strong>15.</strong></span> <span class='ocrx_word' id='word_1_257' title='bbox 770 2924 965 2992; x_wconf 88' lang='lat' dir='ltr'><strong>Coloniensi</strong></span> <span class='ocrx_word' id='word_1_258' title='bbox 981 2938 1111 2994; x_wconf 87' lang='lat' dir='ltr'><strong>tanturn</strong></span> <span class='ocrx_word' id='word_1_259' title='bbox 1144 2931 1193 2996; x_wconf 87' lang='lat'><strong>16.</strong></span> <span class='ocrx_word' id='word_1_260' title='bbox 1209 2931 1286 2995; x_wconf 91' lang='lat' dir='ltr'><strong>Non</strong></span> <span class='ocrx_word' id='word_1_261' title='bbox 1304 2929 1410 2997; x_wconf 85' lang='lat' dir='ltr'><strong>feci...</strong></span> 
     </span>
     <span class='ocr_line' id='line_1_29' title="bbox 179 3011 1408 3102; baseline 0.002 -21"><span class='ocrx_word' id='word_1_262' title='bbox 179 3018 274 3102; x_wconf 83' lang='lat' dir='ltr'><strong>Legi</strong></span> <span class='ocrx_word' id='word_1_263' title='bbox 293 3028 424 3082; x_wconf 92' lang='lat' dir='ltr'><strong>tantum</strong></span> <span class='ocrx_word' id='word_1_264' title='bbox 440 3034 653 3099; x_wconf 88' lang='lat' dir='ltr'><strong>perannum.</strong></span> <span class='ocrx_word' id='word_1_265' title='bbox 673 3011 775 3099; x_wconf 59' lang='lat' dir='ltr'><strong>[Salat]</strong></span> <span class='ocrx_word' id='word_1_266' title='bbox 799 3031 826 3078; x_wconf 91' lang='lat'><strong>1.</strong></span> <span class='ocrx_word' id='word_1_267' title='bbox 846 3018 1039 3098; x_wconf 87' lang='lat' dir='ltr'><strong>Antequam</strong></span> <span class='ocrx_word' id='word_1_268' title='bbox 1052 3016 1257 3084; x_wconf 89' lang='lat' dir='ltr'><strong>Societatem</strong></span> <span class='ocrx_word' id='word_1_269' title='bbox 1271 3017 1408 3100; x_wconf 90' lang='lat' dir='ltr'><strong>intraui,</strong></span> 
     </span>
     <span class='ocr_line' id='line_1_30' title="bbox 178 3101 1410 3191; baseline -0.002 -15"><span class='ocrx_word' id='word_1_270' title='bbox 178 3107 264 3176; x_wconf 91' lang='lat' dir='ltr'><strong>dedi</strong></span> <span class='ocrx_word' id='word_1_271' title='bbox 281 3125 419 3189; x_wconf 90' lang='lat' dir='ltr'><strong>operam</strong></span> <span class='ocrx_word' id='word_1_272' title='bbox 435 3101 556 3188; x_wconf 90' lang='lat' dir='ltr'><strong>partim</strong></span> <span class='ocrx_word' id='word_1_273' title='bbox 573 3101 826 3188; x_wconf 88' lang='lat' dir='ltr'><strong>grammaticae,</strong></span> <span class='ocrx_word' id='word_1_274' title='bbox 844 3101 964 3188; x_wconf 89' lang='lat' dir='ltr'><strong>partim</strong></span> <span class='ocrx_word' id='word_1_275' title='bbox 981 3105 1180 3185; x_wconf 90' lang='lat' dir='ltr'><strong>rhetoricae,</strong></span> <span class='ocrx_word' id='word_1_276' title='bbox 1199 3107 1319 3191; x_wconf 89' lang='lat' dir='ltr'><strong>partim</strong></span> <span class='ocrx_word' id='word_1_277' title='bbox 1335 3106 1410 3173; x_wconf 90' lang='lat' dir='ltr'><strong>dia-</strong></span> 
     </span>
     <span class='ocr_line' id='line_1_31' title="bbox 176 3187 1329 3285; baseline 0 -22"><span class='ocrx_word' id='word_1_278' title='bbox 176 3195 368 3266; x_wconf 87' lang='lat' dir='ltr'><strong>lecticae...</strong></span> <span class='ocrx_word' id='word_1_279' title='bbox 388 3193 420 3257; x_wconf 92' lang='lat'><strong>6.</strong></span> <span class='ocrx_word' id='word_1_280' title='bbox 441 3191 496 3258; x_wconf 89' lang='lat' dir='ltr'><strong>Ad</strong></span> <span class='ocrx_word' id='word_1_281' title='bbox 512 3191 656 3276; x_wconf 91' lang='lat' dir='ltr'><strong>gradum</strong></span> <span class='ocrx_word' id='word_1_282' title='bbox 677 3189 874 3276; x_wconf 89' lang='lat' dir='ltr'><strong>magisterii.</strong></span> <span class='ocrx_word' id='word_1_283' title='bbox 892 3187 944 3278; x_wconf 90' lang='grc' dir='ltr'>]ΙΙ,</span> <span class='ocrx_word' id='word_1_284' title='bbox 963 3207 1041 3275; x_wconf 92' lang='grc'>454,</span> <span class='ocrx_word' id='word_1_285' title='bbox 1059 3194 1137 3277; x_wconf 86' lang='grc'>456,</span> <span class='ocrx_word' id='word_1_286' title='bbox 1156 3196 1233 3276; x_wconf 83' lang='grc'>460,</span> <span class='ocrx_word' id='word_1_287' title='bbox 1252 3195 1329 3285; x_wconf 83' lang='grc'>470]</span> 
     </span>
    </p>

    <p class='ocr_par' dir='ltr' id='par_1_7' title="bbox 176 3279 1472 3992">
     <span class='ocr_line' id='line_1_32' title="bbox 256 3279 1410 3368; baseline 0.001 -19"><span class='ocrx_word' id='word_1_288' title='bbox 256 3303 285 3349; x_wconf 94' lang='lat'><strong>1.</strong></span> <span class='ocrx_word' id='word_1_289' title='bbox 339 3280 519 3347; x_wconf 80' lang='lat' dir='ltr'><strong>Gerordus</strong></span> <span class='ocrx_word' id='word_1_290' title='bbox 547 3279 725 3344; x_wconf 80' lang='lat' dir='ltr'><strong>Pasclrz&#39;us.</strong></span> <span class='ocrx_word' id='word_1_291' title='bbox 749 3297 779 3345; x_wconf 88' lang='lat'><strong>2.</strong></span> <span class='ocrx_word' id='word_1_292' title='bbox 808 3281 922 3346; x_wconf 93' lang='lat' dir='ltr'><strong>Unum</strong></span> <span class='ocrx_word' id='word_1_293' title='bbox 945 3290 979 3346; x_wconf 89' lang='lat' dir='ltr'><strong>et</strong></span> <span class='ocrx_word' id='word_1_294' title='bbox 999 3281 1122 3368; x_wconf 90' lang='lat' dir='ltr'><strong>viginti</strong></span> <span class='ocrx_word' id='word_1_295' title='bbox 1161 3304 1190 3367; x_wconf 87' lang='lat'><strong>3.</strong></span> <span class='ocrx_word' id='word_1_296' title='bbox 1214 3285 1410 3352; x_wconf 88' lang='lat' dir='ltr'><strong>Germanus</strong></span> 
     </span>
     <span class='ocr_line' id='line_1_33' title="bbox 176 3367 1410 3459; baseline -0.002 -19"><span class='ocrx_word' id='word_1_297' title='bbox 176 3372 326 3440; x_wconf 82' lang='lat' dir='ltr'><strong>inferior</strong></span> <span class='ocrx_word' id='word_1_298' title='bbox 341 3367 544 3435; x_wconf 87' lang='lat' dir='ltr'><strong>coloniensis</strong></span> <span class='ocrx_word' id='word_1_299' title='bbox 559 3367 789 3452; x_wconf 89' lang='lat' dir='ltr'><strong>campensis...</strong></span> <span class='ocrx_word' id='word_1_300' title='bbox 813 3386 863 3434; x_wconf 85' lang='lat'><strong>12.</strong></span> <span class='ocrx_word' id='word_1_301' title='bbox 883 3370 987 3436; x_wconf 91' lang='lat' dir='ltr'><strong>Anno</strong></span> <span class='ocrx_word' id='word_1_302' title='bbox 1007 3387 1090 3458; x_wconf 81' lang='lat'><strong>1559</strong></span> <span class='ocrx_word' id='word_1_303' title='bbox 1106 3371 1140 3437; x_wconf 91' lang='lat' dir='ltr'><strong>in</strong></span> <span class='ocrx_word' id='word_1_304' title='bbox 1157 3373 1244 3438; x_wconf 84' lang='lat' dir='ltr'><strong>festo</strong></span> <span class='ocrx_word' id='word_1_305' title='bbox 1261 3373 1410 3459; x_wconf 90' lang='lat' dir='ltr'><strong>Epipha-</strong></span> 
     </span>
     <span class='ocr_line' id='line_1_34' title="bbox 177 3455 1410 3542; baseline -0.002 -12"><span class='ocrx_word' id='word_1_306' title='bbox 177 3463 273 3540; x_wconf 90' lang='lat' dir='ltr'><strong>niae,</strong></span> <span class='ocrx_word' id='word_1_307' title='bbox 294 3458 368 3525; x_wconf 90' lang='lat' dir='ltr'><strong>siue</strong></span> <span class='ocrx_word' id='word_1_308' title='bbox 386 3457 487 3522; x_wconf 91' lang='lat' dir='ltr'><strong>trium</strong></span> <span class='ocrx_word' id='word_1_309' title='bbox 512 3477 644 3541; x_wconf 87' lang='lat' dir='ltr'><strong>regum,</strong></span> <span class='ocrx_word' id='word_1_310' title='bbox 664 3456 742 3522; x_wconf 89' lang='lat' dir='ltr'><strong>anni</strong></span> <span class='ocrx_word' id='word_1_311' title='bbox 760 3455 868 3536; x_wconf 90' lang='lat' dir='ltr'><strong>initio,</strong></span> <span class='ocrx_word' id='word_1_312' title='bbox 892 3470 1049 3542; x_wconf 89' lang='lat' dir='ltr'><strong>receptus</strong></span> <span class='ocrx_word' id='word_1_313' title='bbox 1064 3481 1084 3524; x_wconf 93' lang='lat' dir='ltr'><strong>a</strong></span> <span class='ocrx_word' id='word_1_314' title='bbox 1101 3461 1141 3527; x_wconf 90' lang='lat' dir='ltr'><strong>R.</strong></span> <span class='ocrx_word' id='word_1_315' title='bbox 1167 3464 1205 3527; x_wconf 90' lang='grc' dir='ltr'><strong>Ρ.</strong></span> <span class='ocrx_word' id='word_1_316' title='bbox 1231 3464 1410 3529; x_wconf 89' lang='lat' dir='ltr'><strong>Leonardo</strong></span> 
     </span>
     <span class='ocr_line' id='line_1_35' title="bbox 177 3543 1408 3632; baseline -0.002 -13"><span class='ocrx_word' id='word_1_317' title='bbox 177 3547 352 3626; x_wconf 89' lang='lat' dir='ltr'><strong>Kesselio,</strong></span> <span class='ocrx_word' id='word_1_318' title='bbox 372 3545 406 3610; x_wconf 91' lang='lat' dir='ltr'><strong>in</strong></span> <span class='ocrx_word' id='word_1_319' title='bbox 423 3544 618 3623; x_wconf 90' lang='lat' dir='ltr'><strong>Germania,</strong></span> <span class='ocrx_word' id='word_1_320' title='bbox 632 3543 667 3609; x_wconf 95' lang='lat' dir='ltr'><strong>in</strong></span> <span class='ocrx_word' id='word_1_321' title='bbox 679 3545 825 3630; x_wconf 90' lang='lat' dir='ltr'><strong>collegio</strong></span> <span class='ocrx_word' id='word_1_322' title='bbox 842 3546 1064 3613; x_wconf 90' lang='lat' dir='ltr'><strong>coloniensi...</strong></span> <span class='ocrx_word' id='word_1_323' title='bbox 1085 3567 1134 3630; x_wconf 86' lang='lat'><strong>14.</strong></span> <span class='ocrx_word' id='word_1_324' title='bbox 1151 3551 1224 3618; x_wconf 91' lang='lat' dir='ltr'><strong>Nec</strong></span> <span class='ocrx_word' id='word_1_325' title='bbox 1236 3552 1408 3632; x_wconf 78' lang='lat' dir='ltr'><strong>sacerdOS,</strong></span> 
     </span>
     <span class='ocr_line' id='line_1_36' title="bbox 176 3633 1472 3716; baseline -0.002 -9"><span class='ocrx_word' id='word_1_326' title='bbox 176 3659 247 3706; x_wconf 89' lang='lat' dir='ltr'><strong>nec</strong></span> <span class='ocrx_word' id='word_1_327' title='bbox 264 3637 336 3701; x_wconf 92' lang='lat' dir='ltr'><strong>vllo</strong></span> <span class='ocrx_word' id='word_1_328' title='bbox 352 3635 453 3700; x_wconf 92' lang='lat' dir='ltr'><strong>modo</strong></span> <span class='ocrx_word' id='word_1_329' title='bbox 468 3633 728 3700; x_wconf 89' lang='lat' dir='ltr'><strong>ecclesiasticus.</strong></span> <span class='ocrx_word' id='word_1_330' title='bbox 753 3651 801 3716; x_wconf 89' lang='lat'><strong>15.</strong></span> <span class='ocrx_word' id='word_1_331' title='bbox 821 3636 969 3700; x_wconf 84' lang='lat' dir='ltr'><strong>Tantum</strong></span> <span class='ocrx_word' id='word_1_332' title='bbox 985 3635 1020 3701; x_wconf 92' lang='lat' dir='ltr'><strong>in</strong></span> <span class='ocrx_word' id='word_1_333' title='bbox 1041 3637 1227 3704; x_wconf 89' lang='lat' dir='ltr'><strong>coloniensi</strong></span> <span class='ocrx_word' id='word_1_334' title='bbox 1244 3637 1407 3707; x_wconf 79' lang='lat' dir='ltr'><strong>habitauit</strong></span> <span class='ocrx_word' id='word_1_335' title='bbox 1469 3667 1472 3676; x_wconf 95' lang='lat'>·</span> 
     </span>
     <span class='ocr_line' id='line_1_37' title="bbox 178 3720 1410 3816; baseline -0.002 -20"><span class='ocrx_word' id='word_1_336' title='bbox 178 3741 385 3796; x_wconf 90' lang='lat' dir='ltr'><strong>treuerense</strong></span> <span class='ocrx_word' id='word_1_337' title='bbox 401 3721 547 3790; x_wconf 86' lang='lat' dir='ltr'><strong>visitaui.</strong></span> <span class='ocrx_word' id='word_1_338' title='bbox 567 3720 669 3812; x_wconf 73' lang='lat' dir='ltr'><strong>[Sela]</strong></span> <span class='ocrx_word' id='word_1_339' title='bbox 687 3737 718 3805; x_wconf 83' lang='lat'><strong>5.</strong></span> <span class='ocrx_word' id='word_1_340' title='bbox 734 3721 898 3808; x_wconf 87' lang='lat' dir='ltr'><strong>Magister</strong></span> <span class='ocrx_word' id='word_1_341' title='bbox 908 3744 984 3789; x_wconf 90' lang='lat' dir='ltr'><strong>sum</strong></span> <span class='ocrx_word' id='word_1_342' title='bbox 1000 3724 1141 3816; x_wconf 51' lang='lat' dir='ltr'><strong>artium„</strong></span> <span class='ocrx_word' id='word_1_343' title='bbox 1149 3726 1275 3814; x_wconf 73' lang='lat' dir='ltr'><strong>[Mag-‚l</strong></span> <span class='ocrx_word' id='word_1_344' title='bbox 1295 3731 1410 3816; x_wconf 62' lang='lat' dir='ltr'><strong>ulam</strong></span> 
     </span>
     <span class='ocr_line' id='line_1_38' title="bbox 178 3811 1410 3896; baseline -0.003 -11"><span class='ocrx_word' id='word_1_345' title='bbox 178 3835 315 3885; x_wconf 88' lang='lat' dir='ltr'><strong>annum</strong></span> <span class='ocrx_word' id='word_1_346' title='bbox 332 3811 445 3878; x_wconf 86' lang='lat' dir='ltr'><strong>docui:</strong></span> <span class='ocrx_word' id='word_1_347' title='bbox 464 3833 556 3876; x_wconf 91' lang='lat' dir='ltr'><strong>nunc</strong></span> <span class='ocrx_word' id='word_1_348' title='bbox 572 3811 723 3896; x_wconf 89' lang='lat' dir='ltr'><strong>linguam</strong></span> <span class='ocrx_word' id='word_1_349' title='bbox 740 3831 910 3894; x_wconf 89' lang='lat' dir='ltr'><strong>graecam,</strong></span> <span class='ocrx_word' id='word_1_350' title='bbox 933 3814 1199 3883; x_wconf 87' lang='lat' dir='ltr'><strong>Demosthenem</strong></span> <span class='ocrx_word' id='word_1_351' title='bbox 1221 3828 1255 3883; x_wconf 89' lang='lat' dir='ltr'><strong>et</strong></span> <span class='ocrx_word' id='word_1_352' title='bbox 1277 3819 1410 3883; x_wconf 88' lang='lat' dir='ltr'><strong>Varen-</strong></span> 
     </span>
     <span class='ocr_line' id='line_1_39' title="bbox 177 3898 1350 3992; baseline -0.003 -18"><span class='ocrx_word' id='word_1_353' title='bbox 177 3907 294 3981; x_wconf 90' lang='lat' dir='ltr'><strong>nium,</strong></span> <span class='ocrx_word' id='word_1_354' title='bbox 314 3899 489 3969; x_wconf 89' lang='lat' dir='ltr'><strong>Ciceronis</strong></span> <span class='ocrx_word' id='word_1_355' title='bbox 505 3912 683 3978; x_wconf 90' lang='lat' dir='ltr'><strong>oratorem,</strong></span> <span class='ocrx_word' id='word_1_356' title='bbox 702 3898 790 3966; x_wconf 88' lang='lat' dir='ltr'><strong>Liuii</strong></span> <span class='ocrx_word' id='word_1_357' title='bbox 807 3899 978 3966; x_wconf 92' lang='lat' dir='ltr'><strong>historiam</strong></span> <span class='ocrx_word' id='word_1_358' title='bbox 1010 3899 1062 3990; x_wconf 82' lang='lat' dir='ltr'><strong>[ll,</strong></span> <span class='ocrx_word' id='word_1_359' title='bbox 1081 3921 1158 3990; x_wconf 80' lang='lat'><strong>459,</strong></span> <span class='ocrx_word' id='word_1_360' title='bbox 1177 3919 1254 3986; x_wconf 85' lang='grc'>457,</span> <span class='ocrx_word' id='word_1_361' title='bbox 1273 3905 1350 3992; x_wconf 91' lang='grc'>458]</span> 
     </span>
    </p>

    <p class='ocr_par' dir='ltr' id='par_1_8' title="bbox 175 3988 1411 4440">
     <span class='ocr_line' id='line_1_40' title="bbox 255 3988 1411 4074; baseline 0 -14"><span class='ocrx_word' id='word_1_362' title='bbox 255 4011 285 4060; x_wconf 91' lang='lat'><strong>1.</strong></span> <span class='ocrx_word' id='word_1_363' title='bbox 336 3992 448 4056; x_wconf 90' lang='lat' dir='ltr'><strong>Vocor</strong></span> <span class='ocrx_word' id='word_1_364' title='bbox 465 3989 659 4074; x_wconf 71' lang='lat' dir='ltr'><strong>Gregorius</strong></span> <span class='ocrx_word' id='word_1_365' title='bbox 675 3989 799 4053; x_wconf 80' lang='lat' dir='ltr'><strong>Fabius</strong></span> <span class='ocrx_word' id='word_1_366' title='bbox 814 3988 1019 4056; x_wconf 89' lang='lat' dir='ltr'><strong>dionantius.</strong></span> <span class='ocrx_word' id='word_1_367' title='bbox 1040 4009 1071 4056; x_wconf 83' lang='lat'><strong>2.</strong></span> <span class='ocrx_word' id='word_1_368' title='bbox 1092 3994 1175 4060; x_wconf 91' lang='lat' dir='ltr'><strong>Sum</strong></span> <span class='ocrx_word' id='word_1_369' title='bbox 1190 4004 1289 4058; x_wconf 88' lang='lat' dir='ltr'><strong>natus</strong></span> <span class='ocrx_word' id='word_1_370' title='bbox 1302 4015 1411 4060; x_wconf 92' lang='lat' dir='ltr'><strong>anno-</strong></span> 
     </span>
     <span class='ocr_line' id='line_1_41' title="bbox 175 4075 1407 4165; baseline -0.003 -13"><span class='ocrx_word' id='word_1_371' title='bbox 175 4105 257 4152; x_wconf 92' lang='lat' dir='ltr'><strong>rum</strong></span> <span class='ocrx_word' id='word_1_372' title='bbox 274 4081 316 4146; x_wconf 89' lang='lat'><strong>28</strong></span> <span class='ocrx_word' id='word_1_373' title='bbox 331 4089 390 4144; x_wconf 90' lang='lat' dir='ltr'><strong>aut</strong></span> <span class='ocrx_word' id='word_1_374' title='bbox 404 4097 457 4165; x_wconf 83' lang='lat'><strong>29.</strong></span> <span class='ocrx_word' id='word_1_375' title='bbox 474 4097 505 4162; x_wconf 91' lang='lat'><strong>3.</strong></span> <span class='ocrx_word' id='word_1_376' title='bbox 521 4079 604 4146; x_wconf 93' lang='lat' dir='ltr'><strong>Sum</strong></span> <span class='ocrx_word' id='word_1_377' title='bbox 618 4078 729 4162; x_wconf 89' lang='lat' dir='ltr'><strong>gallus</strong></span> <span class='ocrx_word' id='word_1_378' title='bbox 741 4075 984 4158; x_wconf 88' lang='lat' dir='ltr'><strong>dionantensis,</strong></span> <span class='ocrx_word' id='word_1_379' title='bbox 999 4079 1163 4147; x_wconf 89' lang='lat' dir='ltr'><strong>dioecesis</strong></span> <span class='ocrx_word' id='word_1_380' title='bbox 1176 4082 1407 4149; x_wconf 74' lang='lat' dir='ltr'><strong>leodiensis...</strong></span> 
     </span>
     <span class='ocr_line' id='line_1_42' title="bbox 179 4165 1406 4254; baseline 0 -16"><span class='ocrx_word' id='word_1_381' title='bbox 179 4193 234 4241; x_wconf 88' lang='lat'><strong>12.</strong></span> <span class='ocrx_word' id='word_1_382' title='bbox 262 4171 356 4238; x_wconf 90' lang='lat' dir='ltr'><strong>Sunt</strong></span> <span class='ocrx_word' id='word_1_383' title='bbox 378 4189 438 4236; x_wconf 88' lang='lat' dir='ltr'><strong>sex</strong></span> <span class='ocrx_word' id='word_1_384' title='bbox 462 4165 558 4244; x_wconf 89' lang='lat' dir='ltr'><strong>anni,</strong></span> <span class='ocrx_word' id='word_1_385' title='bbox 585 4189 604 4232; x_wconf 90' lang='lat' dir='ltr'><strong>a</strong></span> <span class='ocrx_word' id='word_1_386' title='bbox 631 4165 713 4232; x_wconf 81' lang='lat' dir='ltr'><strong>R.d0</strong></span> <span class='ocrx_word' id='word_1_387' title='bbox 741 4169 779 4232; x_wconf 91' lang='grc' dir='ltr'><strong>Ρ.</strong></span> <span class='ocrx_word' id='word_1_388' title='bbox 804 4168 982 4234; x_wconf 88' lang='lat' dir='ltr'><strong>Leonardo</strong></span> <span class='ocrx_word' id='word_1_389' title='bbox 1010 4181 1167 4254; x_wconf 88' lang='lat' dir='ltr'><strong>receptus</strong></span> <span class='ocrx_word' id='word_1_390' title='bbox 1189 4171 1406 4238; x_wconf 81' lang='lat' dir='ltr'><strong>Coloniae...</strong></span> 
     </span>
     <span class='ocr_line' id='line_1_43' title="bbox 180 4253 1406 4348; baseline 0.001 -21"><span class='ocrx_word' id='word_1_391' title='bbox 180 4283 234 4344; x_wconf 83' lang='lat'><strong>14.</strong></span> <span class='ocrx_word' id='word_1_392' title='bbox 256 4261 344 4327; x_wconf 90' lang='lat' dir='ltr'><strong>Sum</strong></span> <span class='ocrx_word' id='word_1_393' title='bbox 358 4255 520 4342; x_wconf 90' lang='lat' dir='ltr'><strong>indignus</strong></span> <span class='ocrx_word' id='word_1_394' title='bbox 536 4257 708 4334; x_wconf 88' lang='lat' dir='ltr'><strong>sacerdos,</strong></span> <span class='ocrx_word' id='word_1_395' title='bbox 726 4265 761 4319; x_wconf 91' lang='lat' dir='ltr'><strong>et</strong></span> <span class='ocrx_word' id='word_1_396' title='bbox 776 4253 823 4319; x_wconf 82' lang='lat' dir='ltr'><strong>fui</strong></span> <span class='ocrx_word' id='word_1_397' title='bbox 836 4277 968 4339; x_wconf 90' lang='lat' dir='ltr'><strong>semper</strong></span> <span class='ocrx_word' id='word_1_398' title='bbox 985 4257 1191 4326; x_wconf 89' lang='lat' dir='ltr'><strong>Coloniae...</strong></span> <span class='ocrx_word' id='word_1_399' title='bbox 1206 4257 1352 4348; x_wconf 77' lang='lat' dir='ltr'><strong>[Scir.l...</strong></span> <span class='ocrx_word' id='word_1_400' title='bbox 1374 4262 1406 4328; x_wconf 84' lang='lat'><strong>6.</strong></span> 
     </span>
     <span class='ocr_line' id='line_1_44' title="bbox 175 4342 1411 4440; baseline -0.002 -22"><span class='ocrx_word' id='word_1_401' title='bbox 175 4355 241 4418; x_wconf 88' lang='lat' dir='ltr'><strong>Est</strong></span> <span class='ocrx_word' id='word_1_402' title='bbox 259 4367 375 4414; x_wconf 91' lang='lat' dir='ltr'><strong>annus</strong></span> <span class='ocrx_word' id='word_1_403' title='bbox 390 4367 432 4412; x_wconf 87' lang='lat' dir='ltr'><strong>ex</strong></span> <span class='ocrx_word' id='word_1_404' title='bbox 449 4365 517 4429; x_wconf 89' lang='lat' dir='ltr'><strong>quo</strong></span> <span class='ocrx_word' id='word_1_405' title='bbox 532 4342 647 4430; x_wconf 86' lang='lat' dir='ltr'><strong>accepi</strong></span> <span class='ocrx_word' id='word_1_406' title='bbox 661 4345 801 4410; x_wconf 77' lang='lat' dir='ltr'><strong>formam</strong></span> <span class='ocrx_word' id='word_1_407' title='bbox 814 4345 1026 4411; x_wconf 87' lang='lat' dir='ltr'><strong>baccalaurei</strong></span> <span class='ocrx_word' id='word_1_408' title='bbox 1039 4345 1072 4411; x_wconf 94' lang='lat' dir='ltr'><strong>in</strong></span> <span class='ocrx_word' id='word_1_409' title='bbox 1091 4347 1270 4436; x_wconf 85' lang='lat' dir='ltr'><strong>theologia.</strong></span> <span class='ocrx_word' id='word_1_410' title='bbox 1284 4347 1411 4440; x_wconf 66' lang='lat' dir='ltr'><strong>[Mag]</strong></span> 
     </span>
    </p>
   </div>
   <div class='ocr_carea' id='block_1_5' title="bbox 174 4525 398 4543">
    <p class='ocr_par' dir='ltr' id='par_1_9' title="bbox 174 4525 398 4543">
     <span class='ocr_line' id='line_1_45' title="bbox 174 4525 398 4543; baseline 0 -10"><span class='ocrx_word' id='word_1_411' title='bbox 174 4525 398 4543; x_wconf 62' lang='grc'><strong>-,,,,-.-.</strong></span> 
     </span>
    </p>
   </div>
   <div class='ocr_carea' id='block_1_6' title="bbox 237 4630 563 4703">
    <p class='ocr_par' dir='ltr' id='par_1_10' title="bbox 237 4630 563 4703">
     <span class='ocr_line' id='line_1_46' title="bbox 237 4630 563 4703; baseline -0.012 -15"><span class='ocrx_word' id='word_1_412' title='bbox 237 4639 244 4670; x_wconf 83' lang='lat'>¹</span> <span class='ocrx_word' id='word_1_413' title='bbox 289 4631 349 4699; x_wconf 90' lang='lat' dir='ltr'><strong>Sic;</strong></span> <span class='ocrx_word' id='word_1_414' title='bbox 364 4648 416 4703; x_wconf 92' lang='lat' dir='ltr'><strong>pro</strong></span> <span class='ocrx_word' id='word_1_415' title='bbox 429 4630 563 4685; x_wconf 82' lang='lat' dir='ltr'><strong>exercui.</strong></span> 
     </span>
    </p>
   </div>
   <div class='ocr_carea' id='block_1_7' title="bbox 0 0 1776 5390">
    <p class='ocr_par' dir='ltr' id='par_1_11' title="bbox 0 0 1776 5390">
     <span class='ocr_line' id='line_1_47' title="bbox 0 0 1776 5390; baseline 0 1"><span class='ocrx_word' id='word_1_416' title='bbox 0 0 1776 5390; x_wconf 95' lang='lat' dir='ltr'><strong> </strong></span> 
     </span>
    </p>
   </div>
  </div>
 </body>
</html>
