<?xml version="1.0" encoding="UTF-8"?>
<!DOCTYPE html PUBLIC "-//W3C//DTD XHTML 1.0 Transitional//EN"
    "http://www.w3.org/TR/xhtml1/DTD/xhtml1-transitional.dtd">
<html xmlns="http://www.w3.org/1999/xhtml" xml:lang="en" lang="en">
 <head>
  <title>
</title>
<meta http-equiv="Content-Type" content="text/html;charset=utf-8" />
  <meta name='ocr-system' content='tesseract 3.04.00' />
  <meta name='ocr-capabilities' content='ocr_page ocr_carea ocr_par ocr_line ocrx_word'/>
</head>
<body>
  <div class='ocr_page' id='page_1' title='image "./epistolaephiero00nadagoog_0052.png"; bbox 0 0 3666 5384; ppageno 0'>
   <div class='ocr_carea' id='block_1_1' title="bbox 833 453 1482 520">
    <p class='ocr_par' dir='ltr' id='par_1_1' title="bbox 833 453 1482 520">
     <span class='ocr_line' id='line_1_1' title="bbox 833 453 1482 520; baseline 0 -8"><span class='ocrx_word' id='word_1_1' title='bbox 833 453 902 512; x_wconf 84' lang='lat'>¹554</span> <span class='ocrx_word' id='word_1_2' title='bbox 1446 460 1482 520; x_wconf 83' lang='lat'><strong>25</strong></span> 
     </span>
    </p>
   </div>
   <div class='ocr_carea' id='block_1_2' title="bbox 235 593 1494 896">
    <p class='ocr_par' dir='ltr' id='par_1_2' title="bbox 235 593 1494 896">
     <span class='ocr_line' id='line_1_2' title="bbox 235 593 1494 690; baseline 0.003 -25"><span class='ocrx_word' id='word_1_3' title='bbox 235 599 414 665; x_wconf 86' lang='lat' dir='ltr'><strong>Aluares:</strong></span> <span class='ocrx_word' id='word_1_4' title='bbox 424 610 498 668; x_wconf 89' lang='lat' dir='ltr'><strong>erat</strong></span> <span class='ocrx_word' id='word_1_5' title='bbox 508 620 592 668; x_wconf 89' lang='lat' dir='ltr'><strong>sane</strong></span> <span class='ocrx_word' id='word_1_6' title='bbox 602 596 782 685; x_wconf 81' lang='lat' dir='ltr'><strong>exiguum3</strong></span> <span class='ocrx_word' id='word_1_7' title='bbox 797 617 840 664; x_wconf 86' lang='lat' dir='ltr'><strong>ex</strong></span> <span class='ocrx_word' id='word_1_8' title='bbox 852 593 1081 690; x_wconf 83' lang='lat' dir='ltr'><strong>quibus[dam]</strong></span> <span class='ocrx_word' id='word_1_9' title='bbox 1089 596 1243 666; x_wconf 87' lang='lat' dir='ltr'><strong>eiusdem</strong></span> <span class='ocrx_word' id='word_1_10' title='bbox 1253 598 1365 667; x_wconf 86' lang='lat' dir='ltr'><strong>Patris</strong></span> <span class='ocrx_word' id='word_1_11' title='bbox 1375 599 1494 670; x_wconf 86' lang='lat' dir='ltr'><strong>bene—&#39;</strong></span> 
     </span>
     <span class='ocr_line' id='line_1_3' title="bbox 238 711 1481 799; baseline 0.005 -21"><span class='ocrx_word' id='word_1_12' title='bbox 238 711 356 799; x_wconf 83' lang='lat' dir='ltr'><strong>ficijs3</strong></span> <span class='ocrx_word' id='word_1_13' title='bbox 384 715 557 782; x_wconf 87' lang='lat' dir='ltr'><strong>habebant</strong></span> <span class='ocrx_word' id='word_1_14' title='bbox 581 723 694 780; x_wconf 87' lang='lat' dir='ltr'><strong>tamen</strong></span> <span class='ocrx_word' id='word_1_15' title='bbox 717 712 784 779; x_wconf 89' lang='lat' dir='ltr'><strong>iam</strong></span> <span class='ocrx_word' id='word_1_16' title='bbox 815 713 995 781; x_wconf 89' lang='lat' dir='ltr'><strong>ecclesiam</strong></span> <span class='ocrx_word' id='word_1_17' title='bbox 1026 722 1061 782; x_wconf 90' lang='lat' dir='ltr'><strong>et</strong></span> <span class='ocrx_word' id='word_1_18' title='bbox 1091 715 1250 796; x_wconf 90' lang='lat' dir='ltr'><strong>domum,</strong></span> <span class='ocrx_word' id='word_1_19' title='bbox 1282 723 1354 784; x_wconf 91' lang='lat' dir='ltr'><strong>etc.</strong></span> <span class='ocrx_word' id='word_1_20' title='bbox 1388 715 1481 784; x_wconf 90' lang='lat' dir='ltr'><strong>Visi-</strong></span> 
     </span>
     <span class='ocr_line' id='line_1_4' title="bbox 246 827 444 896; baseline 0.005 -2"><span class='ocrx_word' id='word_1_21' title='bbox 246 827 331 896; x_wconf 87' lang='lat' dir='ltr'><strong>taui</strong></span> <span class='ocrx_word' id='word_1_22' title='bbox 348 839 403 895; x_wconf 89' lang='lat' dir='ltr'><strong>etc</strong></span> <span class='ocrx_word' id='word_1_23' title='bbox 421 831 444 895; x_wconf 90' lang='lat'><strong>¹.</strong></span> 
     </span>
    </p>
   </div>
   <div class='ocr_carea' id='block_1_3' title="bbox 325 997 974 1076">
    <p class='ocr_par' dir='ltr' id='par_1_3' title="bbox 325 997 974 1076">
     <span class='ocr_line' id='line_1_5' title="bbox 325 997 974 1076; baseline 0.002 -2"><span class='ocrx_word' id='word_1_24' title='bbox 325 1009 388 1074; x_wconf 69' lang='lat'><strong>2³</strong></span> <span class='ocrx_word' id='word_1_25' title='bbox 765 997 974 1076; x_wconf 70' lang='lat' dir='ltr'><strong>Mmturnis</strong></span> 
     </span>
    </p>
   </div>
   <div class='ocr_carea' id='block_1_4' title="bbox 246 1175 1482 1379">
    <p class='ocr_par' dir='ltr' id='par_1_4' title="bbox 246 1175 1482 1379">
     <span class='ocr_line' id='line_1_6' title="bbox 326 1175 1480 1267; baseline 0.003 -23"><span class='ocrx_word' id='word_1_26' title='bbox 326 1179 409 1244; x_wconf 87' lang='lat' dir='ltr'><strong>Erat</strong></span> <span class='ocrx_word' id='word_1_27' title='bbox 418 1176 555 1262; x_wconf 90' lang='lat' dir='ltr'><strong>quidem</strong></span> <span class='ocrx_word' id='word_1_28' title='bbox 565 1175 612 1243; x_wconf 92' lang='lat' dir='ltr'><strong>ibi</strong></span> <span class='ocrx_word' id='word_1_29' title='bbox 622 1175 836 1263; x_wconf 90' lang='lat' dir='ltr'><strong>principium,</strong></span> <span class='ocrx_word' id='word_1_30' title='bbox 846 1176 938 1262; x_wconf 91' lang='lat' dir='ltr'><strong>quod</strong></span> <span class='ocrx_word' id='word_1_31' title='bbox 949 1178 1076 1245; x_wconf 82' lang='lat' dir='ltr'><strong>fecerat</strong></span> <span class='ocrx_word' id='word_1_32' title='bbox 1088 1176 1275 1245; x_wconf 91' lang='lat' dir='ltr'><strong>Rodericus</strong></span> <span class='ocrx_word' id='word_1_33' title='bbox 1284 1179 1480 1267; x_wconf 84' lang='lat' dir='ltr'><strong>Duegnius:</strong></span> 
     </span>
     <span class='ocr_line' id='line_1_7' title="bbox 246 1291 1482 1379; baseline 0.002 -19"><span class='ocrx_word' id='word_1_34' title='bbox 246 1292 326 1379; x_wconf 87' lang='lat' dir='ltr'><strong>illjc</strong></span> <span class='ocrx_word' id='word_1_35' title='bbox 355 1303 469 1358; x_wconf 89' lang='lat' dir='ltr'><strong>tamen</strong></span> <span class='ocrx_word' id='word_1_36' title='bbox 496 1312 566 1359; x_wconf 90' lang='lat' dir='ltr'><strong>non</strong></span> <span class='ocrx_word' id='word_1_37' title='bbox 586 1291 794 1374; x_wconf 83' lang='lat' dir='ltr'><strong>¹habitabant</strong></span> <span class='ocrx_word' id='word_1_38' title='bbox 821 1292 946 1374; x_wconf 89' lang='lat' dir='ltr'><strong>adhuc,</strong></span> <span class='ocrx_word' id='word_1_39' title='bbox 959 1291 1022 1359; x_wconf 87' lang='lat' dir='ltr'><strong>sed</strong></span> <span class='ocrx_word' id='word_1_40' title='bbox 1048 1291 1144 1359; x_wconf 84' lang='lat' dir='ltr'><strong>iuxta</strong></span> <span class='ocrx_word' id='word_1_41' title='bbox 1173 1293 1312 1360; x_wconf 90' lang='lat' dir='ltr'><strong>domum</strong></span> <span class='ocrx_word' id='word_1_42' title='bbox 1338 1295 1482 1362; x_wconf 85' lang='lat' dir='ltr'><strong>Antonii</strong></span> 
     </span>
    </p>
   </div>
   <div class='ocr_carea' id='block_1_5' title="bbox 248 1405 1592 1497">
    <p class='ocr_par' dir='ltr' id='par_1_5' title="bbox 248 1405 1592 1497">
     <span class='ocr_line' id='line_1_8' title="bbox 248 1405 1592 1497; baseline 0.001 -20"><span class='ocrx_word' id='word_1_43' title='bbox 248 1410 410 1477; x_wconf 85' lang='lat' dir='ltr'><strong>Acostae</strong></span> <span class='ocrx_word' id='word_1_44' title='bbox 425 1408 450 1473; x_wconf 78' lang='lat'><strong>⁸.</strong></span> <span class='ocrx_word' id='word_1_45' title='bbox 470 1406 629 1489; x_wconf 90' lang='lat' dir='ltr'><strong>Visitaui,</strong></span> <span class='ocrx_word' id='word_1_46' title='bbox 652 1416 719 1475; x_wconf 91' lang='lat' dir='ltr'><strong>etc.</strong></span> <span class='ocrx_word' id='word_1_47' title='bbox 738 1405 806 1474; x_wconf 91' lang='lat' dir='ltr'><strong>Hic</strong></span> <span class='ocrx_word' id='word_1_48' title='bbox 825 1417 898 1474; x_wconf 89' lang='lat' dir='ltr'><strong>erat</strong></span> <span class='ocrx_word' id='word_1_49' title='bbox 918 1416 1031 1475; x_wconf 90' lang='lat' dir='ltr'><strong>rector</strong></span> <span class='ocrx_word' id='word_1_50' title='bbox 1051 1406 1246 1476; x_wconf 88' lang='lat' dir='ltr'><strong>Seuillanus</strong></span> <span class='ocrx_word' id='word_1_51' title='bbox 1263 1409 1289 1491; x_wconf 78' lang='lat'><strong>⁵,</strong></span> <span class='ocrx_word' id='word_1_52' title='bbox 1307 1409 1365 1495; x_wconf 94' lang='lat' dir='ltr'><strong>qui</strong></span> <span class='ocrx_word' id='word_1_53' title='bbox 1381 1411 1483 1497; x_wconf 88' lang='lat' dir='ltr'><strong>plane</strong></span> <span class='ocrx_word' id='word_1_54' title='bbox 1589 1485 1592 1492; x_wconf 52' lang='grc'>,</span> 
     </span>
    </p>
   </div>
   <div class='ocr_carea' id='block_1_6' title="bbox 249 1521 1565 4039">
    <p class='ocr_par' dir='ltr' id='par_1_6' title="bbox 249 1521 1486 3345">
     <span class='ocr_line' id='line_1_9' title="bbox 249 1521 1483 1604; baseline -0.001 -10"><span class='ocrx_word' id='word_1_55' title='bbox 249 1533 333 1594; x_wconf 88' lang='lat' dir='ltr'><strong>erat</strong></span> <span class='ocrx_word' id='word_1_56' title='bbox 352 1523 476 1604; x_wconf 90' lang='lat' dir='ltr'><strong>laicus,</strong></span> <span class='ocrx_word' id='word_1_57' title='bbox 500 1533 536 1589; x_wconf 91' lang='lat' dir='ltr'><strong>et</strong></span> <span class='ocrx_word' id='word_1_58' title='bbox 556 1523 751 1590; x_wconf 83' lang='lat' dir='ltr'><strong>sacerdotes</strong></span> <span class='ocrx_word' id='word_1_59' title='bbox 777 1522 790 1555; x_wconf 78' lang='lat'><strong>⁴</strong></span> <span class='ocrx_word' id='word_1_60' title='bbox 812 1543 891 1589; x_wconf 91' lang='lat' dir='ltr'><strong>cum</strong></span> <span class='ocrx_word' id='word_1_61' title='bbox 911 1521 1114 1592; x_wconf 84' lang='lat' dir='ltr'><strong>auctoritate</strong></span> <span class='ocrx_word' id='word_1_62' title='bbox 1135 1523 1234 1591; x_wconf 84' lang='lat' dir='ltr'><strong>facile</strong></span> <span class='ocrx_word' id='word_1_63' title='bbox 1252 1522 1301 1590; x_wconf 92' lang='lat' dir='ltr'><strong>illi</strong></span> <span class='ocrx_word' id='word_1_64' title='bbox 1320 1525 1483 1593; x_wconf 89' lang='lat' dir='ltr'><strong>suberant</strong></span> 
     </span>
     <span class='ocr_line' id='line_1_10' title="bbox 252 1635 1481 1726; baseline 0.002 -21"><span class='ocrx_word' id='word_1_65' title='bbox 252 1647 400 1726; x_wconf 89' lang='lat' dir='ltr'><strong>propter</strong></span> <span class='ocrx_word' id='word_1_66' title='bbox 413 1635 560 1704; x_wconf 90' lang='lat' dir='ltr'><strong>hominis</strong></span> <span class='ocrx_word' id='word_1_67' title='bbox 574 1636 736 1724; x_wconf 90' lang='lat' dir='ltr'><strong>pietatem</strong></span> <span class='ocrx_word' id='word_1_68' title='bbox 752 1647 787 1703; x_wconf 89' lang='lat' dir='ltr'><strong>et</strong></span> <span class='ocrx_word' id='word_1_69' title='bbox 800 1635 1013 1704; x_wconf 88' lang='lat' dir='ltr'><strong>industriam:</strong></span> <span class='ocrx_word' id='word_1_70' title='bbox 1028 1636 1099 1704; x_wconf 84' lang='lat' dir='ltr'><strong>dixi</strong></span> <span class='ocrx_word' id='word_1_71' title='bbox 1113 1648 1152 1703; x_wconf 95' lang='lat' dir='ltr'><strong>vt</strong></span> <span class='ocrx_word' id='word_1_72' title='bbox 1162 1639 1267 1705; x_wconf 88' lang='lat' dir='ltr'><strong>sacris</strong></span> <span class='ocrx_word' id='word_1_73' title='bbox 1278 1639 1481 1709; x_wconf 89' lang='lat' dir='ltr'><strong>initiaretur.</strong></span> 
     </span>
     <span class='ocr_line' id='line_1_11' title="bbox 254 1750 1482 1841; baseline 0.001 -19"><span class='ocrx_word' id='word_1_74' title='bbox 254 1755 331 1822; x_wconf 91' lang='lat' dir='ltr'><strong>Hic</strong></span> <span class='ocrx_word' id='word_1_75' title='bbox 348 1753 458 1822; x_wconf 83' lang='lat' dir='ltr'><strong>iuerat</strong></span> <span class='ocrx_word' id='word_1_76' title='bbox 472 1751 586 1820; x_wconf 91' lang='lat' dir='ltr'><strong>socius</strong></span> <span class='ocrx_word' id='word_1_77' title='bbox 603 1754 643 1819; x_wconf 94' lang='grc' dir='ltr'><strong>Ρ.</strong></span> <span class='ocrx_word' id='word_1_78' title='bbox 663 1750 889 1820; x_wconf 89' lang='lat' dir='ltr'><strong>Villanueuae</strong></span> <span class='ocrx_word' id='word_1_79' title='bbox 904 1750 939 1816; x_wconf 93' lang='lat' dir='ltr'><strong>in</strong></span> <span class='ocrx_word' id='word_1_80' title='bbox 959 1751 1054 1818; x_wconf 92' lang='lat' dir='ltr'><strong>initio</strong></span> <span class='ocrx_word' id='word_1_81' title='bbox 1070 1753 1208 1840; x_wconf 88' lang='lat' dir='ltr'><strong>collegij</strong></span> <span class='ocrx_word' id='word_1_82' title='bbox 1225 1755 1482 1841; x_wconf 86' lang='lat' dir='ltr'><strong>complutensis,</strong></span> 
     </span>
     <span class='ocr_line' id='line_1_12' title="bbox 254 1865 1484 1956; baseline 0.002 -19"><span class='ocrx_word' id='word_1_83' title='bbox 254 1869 341 1938; x_wconf 89' lang='lat' dir='ltr'><strong>dein</strong></span> <span class='ocrx_word' id='word_1_84' title='bbox 368 1867 517 1936; x_wconf 90' lang='lat' dir='ltr'><strong>doctoris</strong></span> <span class='ocrx_word' id='word_1_85' title='bbox 543 1866 716 1934; x_wconf 76' lang='lat' dir='ltr'><strong>Tun-isin</strong></span> <span class='ocrx_word' id='word_1_86' title='bbox 744 1865 840 1932; x_wconf 88' lang='lat' dir='ltr'><strong>initio</strong></span> <span class='ocrx_word' id='word_1_87' title='bbox 867 1866 1072 1934; x_wconf 86' lang='lat' dir='ltr'><strong>salmantini.</strong></span> <span class='ocrx_word' id='word_1_88' title='bbox 1096 1869 1307 1956; x_wconf 88' lang='lat' dir='ltr'><strong>Acceperam</strong></span> <span class='ocrx_word' id='word_1_89' title='bbox 1327 1870 1484 1940; x_wconf 90' lang='lat' dir='ltr'><strong>literasa</strong></span> 
     </span>
     <span class='ocr_line' id='line_1_13' title="bbox 256 1981 1483 2072; baseline 0.001 -19"><span class='ocrx_word' id='word_1_90' title='bbox 256 1988 300 2053; x_wconf 92' lang='lat' dir='ltr'><strong>P.</strong></span> <span class='ocrx_word' id='word_1_91' title='bbox 338 1982 487 2071; x_wconf 83' lang='lat' dir='ltr'><strong>Ignati0,</strong></span> <span class='ocrx_word' id='word_1_92' title='bbox 525 1981 651 2068; x_wconf 88' lang='lat' dir='ltr'><strong>quibus</strong></span> <span class='ocrx_word' id='word_1_93' title='bbox 687 1981 940 2068; x_wconf 86' lang='lat' dir='ltr'><strong>praescribebat</strong></span> <span class='ocrx_word' id='word_1_94' title='bbox 975 1993 1013 2049; x_wconf 91' lang='lat' dir='ltr'><strong>vt</strong></span> <span class='ocrx_word' id='word_1_95' title='bbox 1047 1982 1237 2053; x_wconf 90' lang='lat' dir='ltr'><strong>diuiderem</strong></span> <span class='ocrx_word' id='word_1_96' title='bbox 1272 1985 1483 2072; x_wconf 90' lang='lat' dir='ltr'><strong>prouinciam</strong></span> 
     </span>
     <span class='ocr_line' id='line_1_14' title="bbox 254 2097 1484 2188; baseline -0.002 -18"><span class='ocrx_word' id='word_1_97' title='bbox 254 2103 301 2170; x_wconf 91' lang='lat' dir='ltr'><strong>P.</strong></span> <span class='ocrx_word' id='word_1_98' title='bbox 332 2098 470 2184; x_wconf 88' lang='lat' dir='ltr'><strong>Araozij</strong></span> <span class='ocrx_word' id='word_1_99' title='bbox 492 2097 528 2164; x_wconf 93' lang='lat' dir='ltr'><strong>in</strong></span> <span class='ocrx_word' id='word_1_100' title='bbox 550 2117 585 2182; x_wconf 90' lang='lat'><strong>3:</strong></span> <span class='ocrx_word' id='word_1_101' title='bbox 605 2098 791 2178; x_wconf 90' lang='lat' dir='ltr'><strong>Castellae,</strong></span> <span class='ocrx_word' id='word_1_102' title='bbox 814 2097 975 2166; x_wconf 88' lang='lat' dir='ltr'><strong>Bethicae</strong></span> <span class='ocrx_word' id='word_1_103' title='bbox 996 2108 1031 2165; x_wconf 94' lang='lat' dir='ltr'><strong>et</strong></span> <span class='ocrx_word' id='word_1_104' title='bbox 1050 2099 1264 2186; x_wconf 86' lang='lat' dir='ltr'><strong>Aragoniae:</strong></span> <span class='ocrx_word' id='word_1_105' title='bbox 1286 2100 1484 2188; x_wconf 86' lang='lat' dir='ltr'><strong>designauit</strong></span> 
     </span>
     <span class='ocr_line' id='line_1_15' title="bbox 251 2211 1484 2304; baseline 0.002 -22"><span class='ocrx_word' id='word_1_106' title='bbox 251 2213 497 2304; x_wconf 86' lang='lat' dir='ltr'><strong>prouinciales:</strong></span> <span class='ocrx_word' id='word_1_107' title='bbox 516 2223 551 2282; x_wconf 91' lang='lat' dir='ltr'><strong>et</strong></span> <span class='ocrx_word' id='word_1_108' title='bbox 565 2223 604 2278; x_wconf 91' lang='lat' dir='ltr'><strong>vt</strong></span> <span class='ocrx_word' id='word_1_109' title='bbox 618 2211 878 2280; x_wconf 89' lang='lat' dir='ltr'><strong>renunciaretur</strong></span> <span class='ocrx_word' id='word_1_110' title='bbox 895 2211 902 2301; x_wconf 91' lang='grc' dir='ltr'>Ι</span> <span class='ocrx_word' id='word_1_111' title='bbox 922 2212 1174 2280; x_wconf 85' lang='lat' dir='ltr'><strong>commissarius</strong></span> <span class='ocrx_word' id='word_1_112' title='bbox 1190 2213 1432 2302; x_wconf 86' lang='lat' dir='ltr'><strong>Hispaniarum</strong></span> <span class='ocrx_word' id='word_1_113' title='bbox 1447 2229 1484 2286; x_wconf 94' lang='lat' dir='ltr'><strong>et</strong></span> 
     </span>
     <span class='ocr_line' id='line_1_16' title="bbox 253 2326 1484 2416; baseline 0.001 -17"><span class='ocrx_word' id='word_1_114' title='bbox 253 2331 431 2399; x_wconf 88' lang='lat' dir='ltr'><strong>lndiarum</strong></span> <span class='ocrx_word' id='word_1_115' title='bbox 444 2332 481 2395; x_wconf 93' lang='lat' dir='ltr'><strong>P.</strong></span> <span class='ocrx_word' id='word_1_116' title='bbox 496 2330 524 2395; x_wconf 94' lang='lat' dir='ltr'>F</span> <span class='ocrx_word' id='word_1_117' title='bbox 525 2326 708 2394; x_wconf 91' lang='lat' dir='ltr'><strong>ranciscus.</strong></span> <span class='ocrx_word' id='word_1_118' title='bbox 722 2326 843 2394; x_wconf 92' lang='lat' dir='ltr'><strong>Visum</strong></span> <span class='ocrx_word' id='word_1_119' title='bbox 857 2327 922 2393; x_wconf 85' lang='lat' dir='ltr'><strong>luit</strong></span> <span class='ocrx_word' id='word_1_120' title='bbox 933 2349 1146 2416; x_wconf 79' lang='lat' dir='ltr'><strong>congregare</strong></span> <span class='ocrx_word' id='word_1_121' title='bbox 1156 2331 1351 2416; x_wconf 87' lang='lat' dir='ltr'><strong>Metymnae</strong></span> <span class='ocrx_word' id='word_1_122' title='bbox 1363 2334 1484 2402; x_wconf 88' lang='lat' dir='ltr'><strong>Patres</strong></span> 
     </span>
     <span class='ocr_line' id='line_1_17' title="bbox 253 2442 1480 2525; baseline -0.001 -10"><span class='ocrx_word' id='word_1_123' title='bbox 253 2449 284 2515; x_wconf 92' lang='lat' dir='ltr'>F</span> <span class='ocrx_word' id='word_1_124' title='bbox 285 2445 480 2513; x_wconf 88' lang='lat' dir='ltr'><strong>ranciscum</strong></span> <span class='ocrx_word' id='word_1_125' title='bbox 497 2445 522 2524; x_wconf 80' lang='lat'><strong>⁸,</strong></span> <span class='ocrx_word' id='word_1_126' title='bbox 546 2446 590 2510; x_wconf 91' lang='lat' dir='ltr'><strong>D.</strong></span> <span class='ocrx_word' id='word_1_127' title='bbox 621 2443 774 2524; x_wconf 89' lang='lat' dir='ltr'><strong>Torrem,</strong></span> <span class='ocrx_word' id='word_1_128' title='bbox 793 2443 964 2524; x_wconf 85' lang='lat' dir='ltr'><strong>Stradam,</strong></span> <span class='ocrx_word' id='word_1_129' title='bbox 978 2442 1175 2525; x_wconf 87' lang='lat' dir='ltr'><strong>Araosium,</strong></span> <span class='ocrx_word' id='word_1_130' title='bbox 1194 2446 1480 2514; x_wconf 87' lang='lat' dir='ltr'><strong>Bustamantium.</strong></span> 
     </span>
     <span class='ocr_line' id='line_1_18' title="bbox 256 2557 1486 2648; baseline -0.001 -17"><span class='ocrx_word' id='word_1_131' title='bbox 256 2560 408 2648; x_wconf 89' lang='lat' dir='ltr'><strong>Accepit</strong></span> <span class='ocrx_word' id='word_1_132' title='bbox 423 2581 486 2626; x_wconf 90' lang='lat' dir='ltr'><strong>nos</strong></span> <span class='ocrx_word' id='word_1_133' title='bbox 501 2579 620 2626; x_wconf 91' lang='lat' dir='ltr'><strong>omnes</strong></span> <span class='ocrx_word' id='word_1_134' title='bbox 636 2578 702 2624; x_wconf 92' lang='lat' dir='ltr'><strong>suo</strong></span> <span class='ocrx_word' id='word_1_135' title='bbox 723 2566 861 2644; x_wconf 90' lang='lat' dir='ltr'><strong>sumptu</strong></span> <span class='ocrx_word' id='word_1_136' title='bbox 878 2557 979 2626; x_wconf 88' lang='lat' dir='ltr'><strong>etiam</strong></span> <span class='ocrx_word' id='word_1_137' title='bbox 996 2558 1097 2625; x_wconf 94' lang='lat' dir='ltr'><strong>domo</strong></span> <span class='ocrx_word' id='word_1_138' title='bbox 1113 2557 1296 2629; x_wconf 89' lang='lat' dir='ltr'><strong>liberaliter</strong></span> <span class='ocrx_word' id='word_1_139' title='bbox 1311 2563 1486 2630; x_wconf 83' lang='lat' dir='ltr'><strong>Antonius</strong></span> 
     </span>
     <span class='ocr_line' id='line_1_19' title="bbox 256 2673 1485 2759; baseline 0 -14"><span class='ocrx_word' id='word_1_140' title='bbox 256 2679 402 2746; x_wconf 82' lang='lat' dir='ltr'><strong>Acosta.</strong></span> <span class='ocrx_word' id='word_1_141' title='bbox 422 2673 603 2742; x_wconf 87' lang='lat' dir='ltr'><strong>Publieata</strong></span> <span class='ocrx_word' id='word_1_142' title='bbox 618 2683 670 2742; x_wconf 88' lang='lat' dir='ltr'><strong>est</strong></span> <span class='ocrx_word' id='word_1_143' title='bbox 685 2673 846 2739; x_wconf 89' lang='lat' dir='ltr'><strong>voluntas</strong></span> <span class='ocrx_word' id='word_1_144' title='bbox 863 2675 902 2738; x_wconf 92' lang='lat' dir='ltr'><strong>P.</strong></span> <span class='ocrx_word' id='word_1_145' title='bbox 922 2673 1063 2759; x_wconf 85' lang='lat' dir='ltr'><strong>lgnatij:</strong></span> <span class='ocrx_word' id='word_1_146' title='bbox 1083 2674 1268 2742; x_wconf 89' lang='lat' dir='ltr'><strong>renuntiati</strong></span> <span class='ocrx_word' id='word_1_147' title='bbox 1284 2678 1325 2743; x_wconf 92' lang='grc' dir='ltr'><strong>Ρ.</strong></span> <span class='ocrx_word' id='word_1_148' title='bbox 1343 2678 1371 2744; x_wconf 90' lang='lat' dir='ltr'>F</span> <span class='ocrx_word' id='word_1_149' title='bbox 1373 2678 1485 2745; x_wconf 89' lang='lat' dir='ltr'><strong>ranci-</strong></span> 
     </span>
     <span class='ocr_line' id='line_1_20' title="bbox 256 2787 1486 2874; baseline -0.002 -11"><span class='ocrx_word' id='word_1_150' title='bbox 256 2815 342 2863; x_wconf 88' lang='lat' dir='ltr'><strong>scus</strong></span> <span class='ocrx_word' id='word_1_151' title='bbox 353 2787 618 2870; x_wconf 78' lang='lat' dir='ltr'><strong>commissarius,</strong></span> <span class='ocrx_word' id='word_1_152' title='bbox 633 2790 675 2855; x_wconf 96' lang='grc' dir='ltr'><strong>Ρ.</strong></span> <span class='ocrx_word' id='word_1_153' title='bbox 690 2787 857 2854; x_wconf 88' lang='lat' dir='ltr'><strong>Araozius</strong></span> <span class='ocrx_word' id='word_1_154' title='bbox 872 2787 1089 2874; x_wconf 89' lang='lat' dir='ltr'><strong>provincialis</strong></span> <span class='ocrx_word' id='word_1_155' title='bbox 1104 2790 1286 2874; x_wconf 88' lang='lat' dir='ltr'><strong>Castellae,</strong></span> <span class='ocrx_word' id='word_1_156' title='bbox 1299 2794 1343 2860; x_wconf 87' lang='lat' dir='ltr'><strong>D.</strong></span> <span class='ocrx_word' id='word_1_157' title='bbox 1360 2794 1486 2861; x_wconf 88' lang='lat' dir='ltr'><strong>Turres</strong></span> 
     </span>
     <span class='ocr_line' id='line_1_21' title="bbox 258 2902 1484 2993; baseline -0.002 -15"><span class='ocrx_word' id='word_1_158' title='bbox 258 2907 415 2988; x_wconf 79' lang='lat' dir='ltr'><strong>Helicae,</strong></span> <span class='ocrx_word' id='word_1_159' title='bbox 433 2909 474 2974; x_wconf 91' lang='grc' dir='ltr'><strong>Ρ.</strong></span> <span class='ocrx_word' id='word_1_160' title='bbox 493 2905 616 2974; x_wconf 91' lang='lat' dir='ltr'><strong>Strada</strong></span> <span class='ocrx_word' id='word_1_161' title='bbox 631 2902 841 2990; x_wconf 85' lang='lat' dir='ltr'><strong>Aragoniae.</strong></span> <span class='ocrx_word' id='word_1_162' title='bbox 860 2905 904 2970; x_wconf 91' lang='lat' dir='ltr'><strong>Et</strong></span> <span class='ocrx_word' id='word_1_163' title='bbox 925 2914 1009 2984; x_wconf 92' lang='lat' dir='ltr'><strong>tum,</strong></span> <span class='ocrx_word' id='word_1_164' title='bbox 1033 2924 1140 2989; x_wconf 92' lang='lat' dir='ltr'><strong>quum</strong></span> <span class='ocrx_word' id='word_1_165' title='bbox 1155 2905 1249 2972; x_wconf 91' lang='lat' dir='ltr'><strong>nullo</strong></span> <span class='ocrx_word' id='word_1_166' title='bbox 1264 2917 1365 2993; x_wconf 87' lang='lat' dir='ltr'><strong>pacto</strong></span> <span class='ocrx_word' id='word_1_167' title='bbox 1380 2909 1484 2979; x_wconf 89' lang='lat' dir='ltr'><strong>vellet</strong></span> 
     </span>
     <span class='ocr_line' id='line_1_22' title="bbox 256 3017 1483 3107; baseline -0.004 -12"><span class='ocrx_word' id='word_1_168' title='bbox 256 3024 385 3096; x_wconf 81' lang='lat' dir='ltr'><strong>strada</strong></span> <span class='ocrx_word' id='word_1_169' title='bbox 410 3023 470 3090; x_wconf 71' lang='lat'><strong>24</strong></span> <span class='ocrx_word' id='word_1_170' title='bbox 499 3017 672 3107; x_wconf 88' lang='lat' dir='ltr'><strong>suscipere</strong></span> <span class='ocrx_word' id='word_1_171' title='bbox 698 3017 927 3105; x_wconf 93' lang='lat' dir='ltr'><strong>prouinciam,</strong></span> <span class='ocrx_word' id='word_1_172' title='bbox 956 3019 1073 3105; x_wconf 89' lang='lat' dir='ltr'><strong>accepi</strong></span> <span class='ocrx_word' id='word_1_173' title='bbox 1100 3020 1279 3088; x_wconf 91' lang='lat' dir='ltr'><strong>consilium</strong></span> <span class='ocrx_word' id='word_1_174' title='bbox 1305 3022 1408 3090; x_wconf 90' lang='lat' dir='ltr'><strong>dandi</strong></span> <span class='ocrx_word' id='word_1_175' title='bbox 1434 3024 1483 3090; x_wconf 91' lang='lat' dir='ltr'><strong>illi</strong></span> 
     </span>
     <span class='ocr_line' id='line_1_23' title="bbox 255 3133 1482 3227; baseline -0.002 -17"><span class='ocrx_word' id='word_1_176' title='bbox 255 3143 301 3209; x_wconf 96' lang='grc' dir='ltr'><strong>Ρ.</strong></span> <span class='ocrx_word' id='word_1_177' title='bbox 322 3137 509 3227; x_wconf 87' lang='lat' dir='ltr'><strong>Baptistam</strong></span> <span class='ocrx_word' id='word_1_178' title='bbox 525 3139 683 3203; x_wconf 90' lang='lat' dir='ltr'><strong>Barmam</strong></span> <span class='ocrx_word' id='word_1_179' title='bbox 698 3133 935 3215; x_wconf 88' lang='lat' dir='ltr'><strong>substitutum,</strong></span> <span class='ocrx_word' id='word_1_180' title='bbox 953 3135 1045 3219; x_wconf 89' lang='lat' dir='ltr'><strong>quod</strong></span> <span class='ocrx_word' id='word_1_181' title='bbox 1061 3145 1134 3202; x_wconf 91' lang='lat' dir='ltr'><strong>tum</strong></span> <span class='ocrx_word' id='word_1_182' title='bbox 1150 3135 1330 3205; x_wconf 87' lang='lat' dir='ltr'><strong>videbatur</strong></span> <span class='ocrx_word' id='word_1_183' title='bbox 1344 3139 1482 3225; x_wconf 90' lang='lat' dir='ltr'><strong>quidem</strong></span> 
     </span>
     <span class='ocr_line' id='line_1_24' title="bbox 255 3249 1329 3345; baseline -0.002 -21"><span class='ocrx_word' id='word_1_184' title='bbox 255 3265 398 3345; x_wconf 87' lang='lat' dir='ltr'><strong>gratum</strong></span> <span class='ocrx_word' id='word_1_185' title='bbox 413 3253 569 3334; x_wconf 80' lang='lat' dir='ltr'><strong>Stradae3</strong></span> <span class='ocrx_word' id='word_1_186' title='bbox 587 3251 648 3320; x_wconf 91' lang='lat' dir='ltr'><strong>sed</strong></span> <span class='ocrx_word' id='word_1_187' title='bbox 663 3249 871 3337; x_wconf 89' lang='lat' dir='ltr'><strong>deprehendi</strong></span> <span class='ocrx_word' id='word_1_188' title='bbox 886 3261 1005 3336; x_wconf 89' lang='lat' dir='ltr'><strong>postea</strong></span> <span class='ocrx_word' id='word_1_189' title='bbox 1022 3250 1128 3320; x_wconf 86' lang='lat' dir='ltr'><strong>fuisse</strong></span> <span class='ocrx_word' id='word_1_190' title='bbox 1143 3250 1329 3340; x_wconf 86' lang='lat' dir='ltr'><strong>ingratum.</strong></span> 
     </span>
    </p>

    <p class='ocr_par' dir='ltr' id='par_1_7' title="bbox 252 3364 1565 4039">
     <span class='ocr_line' id='line_1_25' title="bbox 326 3364 1481 3453; baseline 0.003 -15"><span class='ocrx_word' id='word_1_191' title='bbox 326 3373 440 3438; x_wconf 85' lang='lat' dir='ltr'><strong>Araoz</strong></span> <span class='ocrx_word' id='word_1_192' title='bbox 455 3376 590 3434; x_wconf 89' lang='lat' dir='ltr'><strong>tantum</strong></span> <span class='ocrx_word' id='word_1_193' title='bbox 606 3364 671 3431; x_wconf 86' lang='lat' dir='ltr'><strong>fuit</strong></span> <span class='ocrx_word' id='word_1_194' title='bbox 686 3364 863 3432; x_wconf 92' lang='lat' dir='ltr'><strong>nobiscum</strong></span> <span class='ocrx_word' id='word_1_195' title='bbox 879 3386 948 3432; x_wconf 93' lang='lat' dir='ltr'><strong>vna</strong></span> <span class='ocrx_word' id='word_1_196' title='bbox 959 3377 1072 3433; x_wconf 90' lang='lat' dir='ltr'><strong>nocte:</strong></span> <span class='ocrx_word' id='word_1_197' title='bbox 1090 3367 1252 3453; x_wconf 87' lang='lat' dir='ltr'><strong>postridie</strong></span> <span class='ocrx_word' id='word_1_198' title='bbox 1272 3369 1358 3437; x_wconf 83' lang='lat' dir='ltr'><strong>dixit</strong></span> <span class='ocrx_word' id='word_1_199' title='bbox 1372 3393 1410 3439; x_wconf 88' lang='lat' dir='ltr'><strong>se</strong></span> <span class='ocrx_word' id='word_1_200' title='bbox 1425 3393 1481 3441; x_wconf 91' lang='lat' dir='ltr'><strong>re-</strong></span> 
     </span>
     <span class='ocr_line' id='line_1_26' title="bbox 255 3480 1478 3570; baseline -0.002 -14"><span class='ocrx_word' id='word_1_201' title='bbox 255 3485 377 3556; x_wconf 87' lang='lat' dir='ltr'><strong>uocari</strong></span> <span class='ocrx_word' id='word_1_202' title='bbox 392 3483 490 3570; x_wconf 89' lang='lat' dir='ltr'><strong>serijs</strong></span> <span class='ocrx_word' id='word_1_203' title='bbox 504 3483 548 3551; x_wconf 91' lang='lat' dir='ltr'><strong>de</strong></span> <span class='ocrx_word' id='word_1_204' title='bbox 563 3480 687 3549; x_wconf 86' lang='lat' dir='ltr'><strong>causis.</strong></span> <span class='ocrx_word' id='word_1_205' title='bbox 706 3480 811 3549; x_wconf 89' lang='lat' dir='ltr'><strong>Visus</strong></span> <span class='ocrx_word' id='word_1_206' title='bbox 826 3492 879 3548; x_wconf 91' lang='lat' dir='ltr'><strong>est</strong></span> <span class='ocrx_word' id='word_1_207' title='bbox 895 3503 999 3569; x_wconf 83' lang='lat' dir='ltr'><strong>aegre</strong></span> <span class='ocrx_word' id='word_1_208' title='bbox 1015 3482 1133 3550; x_wconf 89' lang='lat' dir='ltr'><strong>tulisse</strong></span> <span class='ocrx_word' id='word_1_209' title='bbox 1152 3482 1244 3551; x_wconf 89' lang='lat' dir='ltr'><strong>illam</strong></span> <span class='ocrx_word' id='word_1_210' title='bbox 1263 3485 1478 3555; x_wconf 91' lang='lat' dir='ltr'><strong>diuisionem.</strong></span> 
     </span>
     <span class='ocr_line' id='line_1_27' title="bbox 254 3595 1481 3672; baseline -0.002 -1"><span class='ocrx_word' id='word_1_211' title='bbox 254 3599 360 3672; x_wconf 86' lang='lat' dir='ltr'><strong>Datis</strong></span> <span class='ocrx_word' id='word_1_212' title='bbox 379 3595 663 3667; x_wconf 88' lang='lat' dir='ltr'><strong>instructionibus</strong></span> <span class='ocrx_word' id='word_1_213' title='bbox 685 3595 844 3663; x_wconf 91' lang='lat' dir='ltr'><strong>dimissus</strong></span> <span class='ocrx_word' id='word_1_214' title='bbox 863 3597 983 3664; x_wconf 87' lang='lat' dir='ltr'><strong>doctor</strong></span> <span class='ocrx_word' id='word_1_215' title='bbox 1003 3599 1127 3666; x_wconf 87' lang='lat' dir='ltr'><strong>Torres</strong></span> <span class='ocrx_word' id='word_1_216' title='bbox 1145 3597 1185 3665; x_wconf 86' lang='lat' dir='ltr'><strong>in</strong></span> <span class='ocrx_word' id='word_1_217' title='bbox 1204 3599 1380 3669; x_wconf 90' lang='lat' dir='ltr'><strong>Bethicam</strong></span> <span class='ocrx_word' id='word_1_218' title='bbox 1402 3623 1481 3670; x_wconf 93' lang='lat' dir='ltr'><strong>cum</strong></span> 
     </span>
     <span class='ocr_line' id='line_1_28' title="bbox 256 3709 1481 3803; baseline -0.002 -16"><span class='ocrx_word' id='word_1_219' title='bbox 256 3713 499 3788; x_wconf 85' lang='lat' dir='ltr'><strong>Bustamantio</strong></span> <span class='ocrx_word' id='word_1_220' title='bbox 518 3734 581 3799; x_wconf 92' lang='lat' dir='ltr'><strong>pro</strong></span> <span class='ocrx_word' id='word_1_221' title='bbox 601 3709 697 3778; x_wconf 89' lang='lat' dir='ltr'><strong>initio</strong></span> <span class='ocrx_word' id='word_1_222' title='bbox 716 3710 850 3798; x_wconf 86' lang='lat' dir='ltr'><strong>collegij</strong></span> <span class='ocrx_word' id='word_1_223' title='bbox 876 3711 1088 3799; x_wconf 81' lang='lat' dir='ltr'><strong>hispalensis.</strong></span> <span class='ocrx_word' id='word_1_224' title='bbox 1110 3712 1328 3803; x_wconf 77' lang='lat' dir='ltr'><strong>{Acceperat</strong></span> <span class='ocrx_word' id='word_1_225' title='bbox 1355 3720 1481 3785; x_wconf 89' lang='lat' dir='ltr'><strong>Busta-</strong></span> 
     </span>
     <span class='ocr_line' id='line_1_29' title="bbox 255 3825 1565 3918; baseline 0.002 -20"><span class='ocrx_word' id='word_1_226' title='bbox 255 3832 378 3918; x_wconf 80' lang='lat' dir='ltr'><strong>mantij</strong></span> <span class='ocrx_word' id='word_1_227' title='bbox 401 3828 662 3918; x_wconf 84' lang='lat' dir='ltr'><strong>professionem,</strong></span> <span class='ocrx_word' id='word_1_228' title='bbox 685 3848 739 3894; x_wconf 93' lang='lat' dir='ltr'><strong>me</strong></span> <span class='ocrx_word' id='word_1_229' title='bbox 759 3825 878 3908; x_wconf 90' lang='lat' dir='ltr'><strong>inscio,</strong></span> <span class='ocrx_word' id='word_1_230' title='bbox 909 3830 949 3894; x_wconf 90' lang='lat' dir='ltr'><strong>P.</strong></span> <span class='ocrx_word' id='word_1_231' title='bbox 980 3827 1183 3898; x_wconf 90' lang='lat' dir='ltr'><strong>Franciscus</strong></span> <span class='ocrx_word' id='word_1_232' title='bbox 1203 3831 1416 3902; x_wconf 90' lang='lat' dir='ltr'><strong>Tordesillis:</strong></span> <span class='ocrx_word' id='word_1_233' title='bbox 1438 3834 1481 3901; x_wconf 93' lang='lat' dir='ltr'><strong>li-</strong></span> <span class='ocrx_word' id='word_1_234' title='bbox 1560 3837 1565 3846; x_wconf 83' lang='grc'><strong>“</strong></span> 
     </span>
     <span class='ocr_line' id='line_1_30' title="bbox 252 3939 1480 4039; baseline 0 -23"><span class='ocrx_word' id='word_1_235' title='bbox 252 3960 335 4020; x_wconf 86' lang='lat' dir='ltr'><strong>ceat</strong></span> <span class='ocrx_word' id='word_1_236' title='bbox 351 3944 388 4039; x_wconf 73' lang='grc' dir='ltr'><strong>[Ρ]</strong></span> <span class='ocrx_word' id='word_1_237' title='bbox 399 3945 489 4014; x_wconf 90' lang='lat' dir='ltr'><strong>enim</strong></span> <span class='ocrx_word' id='word_1_238' title='bbox 503 3941 740 4012; x_wconf 89' lang='lat' dir='ltr'><strong>Bustamantio</strong></span> <span class='ocrx_word' id='word_1_239' title='bbox 756 3945 908 4028; x_wconf 79' lang='lat' dir='ltr'><strong>professo</strong></span> <span class='ocrx_word' id='word_1_240' title='bbox 922 3939 960 4034; x_wconf 77' lang='lat' dir='ltr'><strong>[l]</strong></span> <span class='ocrx_word' id='word_1_241' title='bbox 972 3965 1049 4012; x_wconf 87' lang='lat' dir='ltr'><strong>esse</strong></span> <span class='ocrx_word' id='word_1_242' title='bbox 1063 3946 1076 3980; x_wconf 81' lang='lat'><em>⁰</em></span> <span class='ocrx_word' id='word_1_243' title='bbox 1092 3967 1153 4031; x_wconf 90' lang='lat' dir='ltr'><strong>per</strong></span> <span class='ocrx_word' id='word_1_244' title='bbox 1166 3947 1206 4013; x_wconf 92' lang='lat' dir='ltr'><strong>P.</strong></span> <span class='ocrx_word' id='word_1_245' title='bbox 1221 3947 1404 4034; x_wconf 87' lang='lat' dir='ltr'><strong>Ignatium;</strong></span> <span class='ocrx_word' id='word_1_246' title='bbox 1418 3951 1480 4018; x_wconf 90' lang='lat' dir='ltr'><strong>sed</strong></span> 
     </span>
    </p>
   </div>
   <div class='ocr_carea' id='block_1_7' title="bbox 306 4119 1479 4646">
    <p class='ocr_par' dir='ltr' id='par_1_8' title="bbox 310 4119 801 4182">
     <span class='ocr_line' id='line_1_31' title="bbox 310 4119 801 4182; baseline -0.01 0"><span class='ocrx_word' id='word_1_247' title='bbox 310 4133 320 4166; x_wconf 88' lang='lat'><strong>¹</strong></span> <span class='ocrx_word' id='word_1_248' title='bbox 359 4127 426 4182; x_wconf 92' lang='lat' dir='ltr'><strong>Fol.</strong></span> <span class='ocrx_word' id='word_1_249' title='bbox 445 4138 478 4180; x_wconf 86' lang='lat'><strong>22</strong></span> <span class='ocrx_word' id='word_1_250' title='bbox 492 4142 524 4179; x_wconf 88' lang='lat' dir='ltr'><strong>v.</strong></span> <span class='ocrx_word' id='word_1_251' title='bbox 541 4119 801 4178; x_wconf 87' lang='lat' dir='ltr'><strong>albumrelictum.</strong></span> 
     </span>
    </p>

    <p class='ocr_par' dir='ltr' id='par_1_9' title="bbox 306 4211 781 4286">
     <span class='ocr_line' id='line_1_32' title="bbox 306 4211 781 4286; baseline -0.015 -14"><span class='ocrx_word' id='word_1_252' title='bbox 306 4223 318 4254; x_wconf 81' lang='lat'><strong>¹</strong></span> <span class='ocrx_word' id='word_1_253' title='bbox 356 4216 430 4286; x_wconf 71' lang='lat' dir='ltr'><strong>Ms,</strong></span> <span class='ocrx_word' id='word_1_254' title='bbox 444 4213 615 4269; x_wconf 81' lang='lat' dir='ltr'><strong>Antonium</strong></span> <span class='ocrx_word' id='word_1_255' title='bbox 627 4211 781 4268; x_wconf 79' lang='lat' dir='ltr'><strong>Acastum.</strong></span> 
     </span>
    </p>

    <p class='ocr_par' dir='ltr' id='par_1_10' title="bbox 307 4301 634 4372">
     <span class='ocr_line' id='line_1_33' title="bbox 307 4301 634 4372; baseline -0.024 -11"><span class='ocrx_word' id='word_1_256' title='bbox 307 4309 320 4342; x_wconf 87' lang='lat'>⁸</span> <span class='ocrx_word' id='word_1_257' title='bbox 356 4305 431 4372; x_wconf 75' lang='lat' dir='ltr'><strong>lis,</strong></span> <span class='ocrx_word' id='word_1_258' title='bbox 446 4301 634 4358; x_wconf 76' lang='lat' dir='ltr'><strong>Siuillonus.</strong></span> 
     </span>
    </p>

    <p class='ocr_par' dir='ltr' id='par_1_11' title="bbox 308 4389 661 4462">
     <span class='ocr_line' id='line_1_34' title="bbox 308 4389 661 4462; baseline -0.017 -11"><span class='ocrx_word' id='word_1_259' title='bbox 308 4400 321 4431; x_wconf 77' lang='lat'><strong>⁴</strong></span> <span class='ocrx_word' id='word_1_260' title='bbox 357 4393 431 4462; x_wconf 86' lang='lat' dir='ltr'><strong>Ms.,</strong></span> <span class='ocrx_word' id='word_1_261' title='bbox 444 4389 661 4446; x_wconf 76' lang='lat' dir='ltr'><strong>sacerdotibus.</strong></span> 
     </span>
    </p>

    <p class='ocr_par' dir='ltr' id='par_1_12' title="bbox 308 4477 883 4554">
     <span class='ocr_line' id='line_1_35' title="bbox 308 4477 883 4554; baseline -0.014 -14"><span class='ocrx_word' id='word_1_262' title='bbox 308 4487 321 4521; x_wconf 81' lang='lat'>⁸</span> <span class='ocrx_word' id='word_1_263' title='bbox 357 4483 426 4554; x_wconf 77' lang='lat' dir='ltr'><strong>lis,</strong></span> <span class='ocrx_word' id='word_1_264' title='bbox 440 4481 477 4536; x_wconf 90' lang='lat' dir='ltr'><strong>P.</strong></span> <span class='ocrx_word' id='word_1_265' title='bbox 492 4477 662 4551; x_wconf 75' lang='lat' dir='ltr'><strong>Metymnae</strong></span> <span class='ocrx_word' id='word_1_266' title='bbox 674 4477 883 4533; x_wconf 80' lang='lat' dir='ltr'><strong>Franciscum.</strong></span> 
     </span>
    </p>

    <p class='ocr_par' dir='ltr' id='par_1_13' title="bbox 308 4565 1479 4646">
     <span class='ocr_line' id='line_1_36' title="bbox 308 4565 1479 4646; baseline -0.001 -17"><span class='ocrx_word' id='word_1_267' title='bbox 308 4576 322 4612; x_wconf 76' lang='lat'>⁸</span> <span class='ocrx_word' id='word_1_268' title='bbox 358 4571 493 4632; x_wconf 80' lang='lat' dir='ltr'><strong>Obscure</strong></span> <span class='ocrx_word' id='word_1_269' title='bbox 514 4571 587 4625; x_wconf 80' lang='lat' dir='ltr'><strong>haec</strong></span> <span class='ocrx_word' id='word_1_270' title='bbox 608 4567 747 4642; x_wconf 85' lang='lat' dir='ltr'><strong>periodus</strong></span> <span class='ocrx_word' id='word_1_271' title='bbox 769 4573 889 4622; x_wconf 86' lang='lat' dir='ltr'><strong>exarata</strong></span> <span class='ocrx_word' id='word_1_272' title='bbox 910 4573 969 4622; x_wconf 89' lang='lat' dir='ltr'><strong>est.</strong></span> <span class='ocrx_word' id='word_1_273' title='bbox 996 4565 1108 4624; x_wconf 86' lang='lat' dir='ltr'><strong>Sensus</strong></span> <span class='ocrx_word' id='word_1_274' title='bbox 1133 4585 1205 4626; x_wconf 84' lang='lat' dir='ltr'><strong>vero</strong></span> <span class='ocrx_word' id='word_1_275' title='bbox 1226 4570 1299 4628; x_wconf 83' lang='lat' dir='ltr'><strong>satis</strong></span> <span class='ocrx_word' id='word_1_276' title='bbox 1324 4573 1479 4646; x_wconf 86' lang='lat' dir='ltr'><strong>perspicue</strong></span> 
     </span>
    </p>
   </div>
   <div class='ocr_carea' id='block_1_8' title="bbox 250 4670 393 4740">
    <p class='ocr_par' dir='ltr' id='par_1_14' title="bbox 250 4670 393 4740">
     <span class='ocr_line' id='line_1_37' title="bbox 250 4670 393 4740; baseline -0.014 -21"><span class='ocrx_word' id='word_1_277' title='bbox 250 4670 393 4740; x_wconf 82' lang='lat' dir='ltr'><strong>apparet.</strong></span> 
     </span>
    </p>
   </div>
   <div class='ocr_carea' id='block_1_9' title="bbox 0 0 1838 5384">
    <p class='ocr_par' dir='ltr' id='par_1_15' title="bbox 0 0 1838 5384">
     <span class='ocr_line' id='line_1_38' title="bbox 0 0 1838 5384; baseline 0 0"><span class='ocrx_word' id='word_1_278' title='bbox 0 0 1838 5384; x_wconf 95' lang='lat' dir='ltr'><strong> </strong></span> 
     </span>
    </p>
   </div>
  </div>
 </body>
</html>
