<?xml version="1.0" encoding="UTF-8"?>
<!DOCTYPE html PUBLIC "-//W3C//DTD XHTML 1.0 Transitional//EN"
    "http://www.w3.org/TR/xhtml1/DTD/xhtml1-transitional.dtd">
<html xmlns="http://www.w3.org/1999/xhtml" xml:lang="en" lang="en">
 <head>
  <title>
</title>
<meta http-equiv="Content-Type" content="text/html;charset=utf-8" />
  <meta name='ocr-system' content='tesseract 3.04.00' />
  <meta name='ocr-capabilities' content='ocr_page ocr_carea ocr_par ocr_line ocrx_word'/>
</head>
<body>
  <div class='ocr_page' id='page_1' title='image "./epistolaephiero00nadagoog_0639.png"; bbox 0 0 3544 5390; ppageno 0'>
   <div class='ocr_carea' id='block_1_1' title="bbox 400 385 1161 447">
    <p class='ocr_par' dir='ltr' id='par_1_1' title="bbox 400 385 1161 447">
     <span class='ocr_line' id='line_1_1' title="bbox 400 385 1161 447; baseline -0.005 0"><span class='ocrx_word' id='word_1_1' title='bbox 400 389 453 447; x_wconf 85' lang='lat'>612</span> <span class='ocrx_word' id='word_1_2' title='bbox 546 415 551 428; x_wconf 92' lang='lat'>·</span> <span class='ocrx_word' id='word_1_3' title='bbox 863 387 970 442; x_wconf 77' lang='lat' dir='ltr'>Eersr.</span> <span class='ocrx_word' id='word_1_4' title='bbox 993 385 1027 447; x_wconf 82' lang='lat' dir='ltr'>P.</span> <span class='ocrx_word' id='word_1_5' title='bbox 1048 385 1161 444; x_wconf 75' lang='lat' dir='ltr'>Nabar</span> 
     </span>
    </p>
   </div>
   <div class='ocr_carea' id='block_1_2' title="bbox 401 539 1609 2755">
    <p class='ocr_par' dir='ltr' id='par_1_2' title="bbox 401 539 1609 2755">
     <span class='ocr_line' id='line_1_2' title="bbox 402 539 1602 612; baseline -0.003 -1"><span class='ocrx_word' id='word_1_6' title='bbox 402 543 460 612; x_wconf 87' lang='lat' dir='ltr'>dio</span> <span class='ocrx_word' id='word_1_7' title='bbox 471 546 588 612; x_wconf 89' lang='lat' dir='ltr'>hostes</span> <span class='ocrx_word' id='word_1_8' title='bbox 600 550 769 611; x_wconf 89' lang='lat' dir='ltr'>tenerent.</span> <span class='ocrx_word' id='word_1_9' title='bbox 784 539 905 609; x_wconf 92' lang='lat' dir='ltr'>Visum</span> <span class='ocrx_word' id='word_1_10' title='bbox 917 551 969 609; x_wconf 88' lang='lat' dir='ltr'>est</span> <span class='ocrx_word' id='word_1_11' title='bbox 981 539 1193 610; x_wconf 88' lang='lat' dir='ltr'><strong>summittere</strong></span> <span class='ocrx_word' id='word_1_12' title='bbox 1206 543 1249 609; x_wconf 92' lang='lat' dir='ltr'>ad</span> <span class='ocrx_word' id='word_1_13' title='bbox 1262 541 1501 611; x_wconf 88' lang='lat' dir='ltr'>Paternitatem</span> <span class='ocrx_word' id='word_1_14' title='bbox 1512 543 1602 609; x_wconf 89' lang='lat' dir='ltr'>Tuam</span> 
     </span>
     <span class='ocr_line' id='line_1_3' title="bbox 402 629 1602 722; baseline -0.003 -21"><span class='ocrx_word' id='word_1_15' title='bbox 402 632 604 722; x_wconf 89' lang='lat' dir='ltr'>magistrum</span> <span class='ocrx_word' id='word_1_16' title='bbox 632 633 844 718; x_wconf 84' lang='lat' dir='ltr'><strong>Stephanum</strong></span> <span class='ocrx_word' id='word_1_17' title='bbox 872 629 1106 714; x_wconf 88' lang='lat' dir='ltr'>Mirabellum,</span> <span class='ocrx_word' id='word_1_18' title='bbox 1135 629 1193 722; x_wconf 87' lang='lat' dir='ltr'>qui</span> <span class='ocrx_word' id='word_1_19' title='bbox 1220 632 1435 701; x_wconf 84' lang='lat' dir='ltr'>renunciaret</span> <span class='ocrx_word' id='word_1_20' title='bbox 1460 653 1515 700; x_wconf 88' lang='lat' dir='ltr'>eos</span> <span class='ocrx_word' id='word_1_21' title='bbox 1538 631 1602 698; x_wconf 89' lang='lat' dir='ltr'>hine</span> 
     </span>
     <span class='ocr_line' id='line_1_4' title="bbox 401 718 1602 807; baseline -0.004 -16"><span class='ocrx_word' id='word_1_22' title='bbox 401 723 520 802; x_wconf 88' lang='lat' dir='ltr'>abiise,</span> <span class='ocrx_word' id='word_1_23' title='bbox 539 744 584 791; x_wconf 93' lang='lat' dir='ltr'>ne</span> <span class='ocrx_word' id='word_1_24' title='bbox 598 719 634 786; x_wconf 91' lang='lat' dir='ltr'>id</span> <span class='ocrx_word' id='word_1_25' title='bbox 650 718 842 789; x_wconf 86' lang='lat' dir='ltr'>Patemitas</span> <span class='ocrx_word' id='word_1_26' title='bbox 858 730 918 786; x_wconf 91' lang='lat' dir='ltr'>tua</span> <span class='ocrx_word' id='word_1_27' title='bbox 929 719 1058 786; x_wconf 90' lang='lat' dir='ltr'>diutius</span> <span class='ocrx_word' id='word_1_28' title='bbox 1073 719 1259 806; x_wconf 80' lang='lat' dir='ltr'>ignoraret,</span> <span class='ocrx_word' id='word_1_29' title='bbox 1276 721 1305 788; x_wconf 95' lang='lat' dir='ltr'>si</span> <span class='ocrx_word' id='word_1_30' title='bbox 1321 722 1403 807; x_wconf 92' lang='lat' dir='ltr'>quid</span> <span class='ocrx_word' id='word_1_31' title='bbox 1417 721 1467 789; x_wconf 88' lang='lat' dir='ltr'>eis</span> <span class='ocrx_word' id='word_1_32' title='bbox 1486 719 1602 788; x_wconf 84' lang='lat' dir='ltr'>fortein</span> 
     </span>
     <span class='ocr_line' id='line_1_5' title="bbox 402 807 1601 898; baseline -0.003 -18"><span class='ocrx_word' id='word_1_33' title='bbox 402 811 459 880; x_wconf 93' lang='lat' dir='ltr'>via</span> <span class='ocrx_word' id='word_1_34' title='bbox 473 809 686 898; x_wconf 84' lang='lat' dir='ltr'>contigisset,</span> <span class='ocrx_word' id='word_1_35' title='bbox 704 811 796 895; x_wconf 91' lang='lat' dir='ltr'>quod</span> <span class='ocrx_word' id='word_1_36' title='bbox 817 807 955 876; x_wconf 89' lang='lat' dir='ltr'>minime</span> <span class='ocrx_word' id='word_1_37' title='bbox 977 808 1219 878; x_wconf 81' lang='lat' dir='ltr'>noluissemus.</span> <span class='ocrx_word' id='word_1_38' title='bbox 1243 813 1286 877; x_wconf 89' lang='lat' dir='ltr'>Et</span> <span class='ocrx_word' id='word_1_39' title='bbox 1306 810 1370 897; x_wconf 92' lang='lat' dir='ltr'>ipsi</span> <span class='ocrx_word' id='word_1_40' title='bbox 1386 811 1517 897; x_wconf 89' lang='lat' dir='ltr'>quidem</span> <span class='ocrx_word' id='word_1_41' title='bbox 1536 831 1601 897; x_wconf 90' lang='lat' dir='ltr'>pro·</span> 
     </span>
     <span class='ocr_line' id='line_1_6' title="bbox 403 898 1602 988; baseline -0.005 -18"><span class='ocrx_word' id='word_1_42' title='bbox 403 924 502 988; x_wconf 89' lang='lat' dir='ltr'>spere</span> <span class='ocrx_word' id='word_1_43' title='bbox 522 900 586 968; x_wconf 91' lang='lat' dir='ltr'>iter</span> <span class='ocrx_word' id='word_1_44' title='bbox 612 900 807 986; x_wconf 91' lang='lat' dir='ltr'>incoeptum</span> <span class='ocrx_word' id='word_1_45' title='bbox 828 899 1060 967; x_wconf 83' lang='lat' dir='ltr'>confecerunt.</span> <span class='ocrx_word' id='word_1_46' title='bbox 1085 901 1134 968; x_wconf 91' lang='lat' dir='ltr'>At</span> <span class='ocrx_word' id='word_1_47' title='bbox 1160 900 1355 986; x_wconf 84' lang='lat' dir='ltr'>Stephanus</span> <span class='ocrx_word' id='word_1_48' title='bbox 1381 902 1425 968; x_wconf 86' lang='lat' dir='ltr'>ab</span> <span class='ocrx_word' id='word_1_49' title='bbox 1444 898 1602 969; x_wconf 85' lang='lat' dir='ltr'>haereticis</span> 
     </span>
     <span class='ocr_line' id='line_1_7' title="bbox 402 987 1602 1077; baseline -0.003 -19"><span class='ocrx_word' id='word_1_50' title='bbox 402 990 624 1077; x_wconf 89' lang='lat' dir='ltr'>interceptus,</span> <span class='ocrx_word' id='word_1_51' title='bbox 642 987 679 1056; x_wconf 91' lang='lat' dir='ltr'>in</span> <span class='ocrx_word' id='word_1_52' title='bbox 694 989 812 1056; x_wconf 88' lang='lat' dir='ltr'>vrbem</span> <span class='ocrx_word' id='word_1_53' title='bbox 829 987 1062 1076; x_wconf 88' lang='lat' dir='ltr'>Burgundiae‚</span> <span class='ocrx_word' id='word_1_54' title='bbox 1081 1009 1183 1073; x_wconf 90' lang='lat' dir='ltr'>quam</span> <span class='ocrx_word' id='word_1_55' title='bbox 1198 1000 1418 1076; x_wconf 82' lang='lat' dir='ltr'>occuparant,</span> <span class='ocrx_word' id='word_1_56' title='bbox 1436 991 1478 1058; x_wconf 89' lang='lat' dir='ltr'>ab</span> <span class='ocrx_word' id='word_1_57' title='bbox 1496 989 1541 1056; x_wconf 89' lang='lat' dir='ltr'>eis</span> <span class='ocrx_word' id='word_1_58' title='bbox 1552 989 1602 1054; x_wconf 91' lang='lat' dir='ltr'>de-</span> 
     </span>
     <span class='ocr_line' id='line_1_8' title="bbox 404 1077 1603 1166; baseline -0.001 -18"><span class='ocrx_word' id='word_1_59' title='bbox 404 1082 530 1148; x_wconf 86' lang='lat' dir='ltr'>ductus</span> <span class='ocrx_word' id='word_1_60' title='bbox 546 1087 609 1159; x_wconf 87' lang='lat' dir='ltr'>est,</span> <span class='ocrx_word' id='word_1_61' title='bbox 628 1090 663 1144; x_wconf 91' lang='lat' dir='ltr'>et</span> <span class='ocrx_word' id='word_1_62' title='bbox 678 1077 714 1143; x_wconf 92' lang='lat' dir='ltr'>in</span> <span class='ocrx_word' id='word_1_63' title='bbox 731 1097 901 1146; x_wconf 88' lang='lat' dir='ltr'>carcerem</span> <span class='ocrx_word' id='word_1_64' title='bbox 918 1079 1083 1159; x_wconf 72' lang='lat' dir='ltr'>reclusus</span> <span class='ocrx_word' id='word_1_65' title='bbox 1106 1078 1221 1146; x_wconf 91' lang='lat' dir='ltr'>vincto</span> <span class='ocrx_word' id='word_1_66' title='bbox 1238 1080 1281 1145; x_wconf 94' lang='lat' dir='ltr'>ad</span> <span class='ocrx_word' id='word_1_67' title='bbox 1303 1081 1407 1166; x_wconf 90' lang='lat' dir='ltr'>pedes</span> <span class='ocrx_word' id='word_1_68' title='bbox 1427 1079 1520 1166; x_wconf 86' lang='lat' dir='ltr'>graui</span> <span class='ocrx_word' id='word_1_69' title='bbox 1539 1077 1603 1147; x_wconf 85' lang='lat' dir='ltr'>terri</span> 
     </span>
     <span class='ocr_line' id='line_1_9' title="bbox 405 1166 1604 1258; baseline -0.003 -23"><span class='ocrx_word' id='word_1_70' title='bbox 405 1170 568 1258; x_wconf 89' lang='lat' dir='ltr'>pondere,</span> <span class='ocrx_word' id='word_1_71' title='bbox 582 1177 617 1234; x_wconf 91' lang='lat' dir='ltr'>et</span> <span class='ocrx_word' id='word_1_72' title='bbox 633 1176 729 1236; x_wconf 89' lang='lat' dir='ltr'>erant</span> <span class='ocrx_word' id='word_1_73' title='bbox 745 1167 883 1252; x_wconf 90' lang='lat' dir='ltr'>quidem</span> <span class='ocrx_word' id='word_1_74' title='bbox 899 1166 991 1233; x_wconf 92' lang='lat' dir='ltr'>illhic</span> <span class='ocrx_word' id='word_1_75' title='bbox 1007 1188 1049 1233; x_wconf 87' lang='lat' dir='ltr'>ex</span> <span class='ocrx_word' id='word_1_76' title='bbox 1062 1167 1339 1251; x_wconf 74' lang='lat' dir='ltr'>tumonensibuS,</span> <span class='ocrx_word' id='word_1_77' title='bbox 1357 1168 1416 1254; x_wconf 91' lang='lat' dir='ltr'>qui</span> <span class='ocrx_word' id='word_1_78' title='bbox 1431 1169 1530 1255; x_wconf 91' lang='lat' dir='ltr'>probe</span> <span class='ocrx_word' id='word_1_79' title='bbox 1539 1187 1604 1234; x_wconf 88' lang='lat' dir='ltr'>eum</span> 
     </span>
     <span class='ocr_line' id='line_1_10' title="bbox 406 1255 1605 1344; baseline -0.003 -20"><span class='ocrx_word' id='word_1_80' title='bbox 406 1267 573 1326; x_wconf 90' lang='lat' dir='ltr'>noueraut</span> <span class='ocrx_word' id='word_1_81' title='bbox 590 1277 609 1323; x_wconf 89' lang='lat' dir='ltr'>e</span> <span class='ocrx_word' id='word_1_82' title='bbox 625 1277 733 1344; x_wconf 89' lang='lat' dir='ltr'>grege</span> <span class='ocrx_word' id='word_1_83' title='bbox 754 1277 829 1324; x_wconf 87' lang='lat' dir='ltr'>esse</span> <span class='ocrx_word' id='word_1_84' title='bbox 845 1255 1059 1342; x_wconf 90' lang='lat' dir='ltr'>jesuitarum.</span> <span class='ocrx_word' id='word_1_85' title='bbox 1081 1257 1151 1326; x_wconf 85' lang='lat' dir='ltr'>Sed</span> <span class='ocrx_word' id='word_1_86' title='bbox 1171 1255 1255 1323; x_wconf 93' lang='lat' dir='ltr'>nihil</span> <span class='ocrx_word' id='word_1_87' title='bbox 1276 1267 1388 1325; x_wconf 89' lang='lat' dir='ltr'>tamen</span> <span class='ocrx_word' id='word_1_88' title='bbox 1404 1255 1605 1326; x_wconf 87' lang='lat' dir='ltr'>crudeliusin</span> 
     </span>
     <span class='ocr_line' id='line_1_11' title="bbox 406 1345 1605 1432; baseline -0.006 -15"><span class='ocrx_word' id='word_1_89' title='bbox 406 1369 486 1417; x_wconf 91' lang='lat' dir='ltr'>eum</span> <span class='ocrx_word' id='word_1_90' title='bbox 502 1345 719 1414; x_wconf 90' lang='lat' dir='ltr'>definierunt.</span> <span class='ocrx_word' id='word_1_91' title='bbox 738 1347 810 1413; x_wconf 92' lang='lat' dir='ltr'>lmo</span> <span class='ocrx_word' id='word_1_92' title='bbox 826 1367 919 1427; x_wconf 90' lang='lat' dir='ltr'>uer0,</span> <span class='ocrx_word' id='word_1_93' title='bbox 938 1345 997 1412; x_wconf 93' lang='lat' dir='ltr'>ubi</span> <span class='ocrx_word' id='word_1_94' title='bbox 1017 1345 1091 1414; x_wconf 90' lang='lat' dir='ltr'>dies</span> <span class='ocrx_word' id='word_1_95' title='bbox 1111 1345 1239 1432; x_wconf 84' lang='lat' dir='ltr'>aliquot</span> <span class='ocrx_word' id='word_1_96' title='bbox 1254 1349 1361 1417; x_wconf 80' lang='lat' dir='ltr'>ferme</span> <span class='ocrx_word' id='word_1_97' title='bbox 1376 1348 1420 1414; x_wconf 91' lang='lat' dir='ltr'>ad</span> <span class='ocrx_word' id='word_1_98' title='bbox 1436 1345 1605 1432; x_wconf 88' lang='lat' dir='ltr'>quindecim</span> 
     </span>
     <span class='ocr_line' id='line_1_12' title="bbox 406 1431 1606 1521; baseline -0.003 -18"><span class='ocrx_word' id='word_1_99' title='bbox 406 1436 455 1504; x_wconf 89' lang='lat' dir='ltr'>ita</span> <span class='ocrx_word' id='word_1_100' title='bbox 470 1431 623 1502; x_wconf 91' lang='lat' dir='ltr'>vinctum</span> <span class='ocrx_word' id='word_1_101' title='bbox 640 1437 864 1520; x_wconf 88' lang='lat' dir='ltr'>clausumque</span> <span class='ocrx_word' id='word_1_102' title='bbox 886 1434 1097 1515; x_wconf 87' lang='lat' dir='ltr'>habuissent,</span> <span class='ocrx_word' id='word_1_103' title='bbox 1121 1436 1252 1503; x_wconf 89' lang='lat' dir='ltr'>alentes</span> <span class='ocrx_word' id='word_1_104' title='bbox 1271 1435 1406 1505; x_wconf 89' lang='lat' dir='ltr'>interim</span> <span class='ocrx_word' id='word_1_105' title='bbox 1427 1448 1461 1503; x_wconf 92' lang='lat' dir='ltr'>et</span> <span class='ocrx_word' id='word_1_106' title='bbox 1480 1435 1606 1521; x_wconf 87' lang='lat' dir='ltr'>benigne</span> 
     </span>
     <span class='ocr_line' id='line_1_13' title="bbox 408 1522 1606 1611; baseline -0.005 -18"><span class='ocrx_word' id='word_1_107' title='bbox 408 1547 488 1593; x_wconf 93' lang='lat' dir='ltr'>cum</span> <span class='ocrx_word' id='word_1_108' title='bbox 505 1547 545 1594; x_wconf 94' lang='lat' dir='ltr'>eo</span> <span class='ocrx_word' id='word_1_109' title='bbox 561 1534 717 1611; x_wconf 67' lang='lat' dir='ltr'>agentes</span> <span class='ocrx_word' id='word_1_110' title='bbox 736 1525 873 1593; x_wconf 89' lang='lat' dir='ltr'>tandem</span> <span class='ocrx_word' id='word_1_111' title='bbox 889 1523 1036 1591; x_wconf 92' lang='lat' dir='ltr'>uinculis</span> <span class='ocrx_word' id='word_1_112' title='bbox 1051 1526 1240 1607; x_wconf 89' lang='lat' dir='ltr'>soluerunt,</span> <span class='ocrx_word' id='word_1_113' title='bbox 1259 1548 1328 1594; x_wconf 90' lang='lat' dir='ltr'>non</span> <span class='ocrx_word' id='word_1_114' title='bbox 1349 1535 1462 1595; x_wconf 90' lang='lat' dir='ltr'>tamen</span> <span class='ocrx_word' id='word_1_115' title='bbox 1482 1522 1606 1593; x_wconf 88' lang='lat' dir='ltr'>abeundi</span> 
     </span>
     <span class='ocr_line' id='line_1_14' title="bbox 408 1613 1605 1702; baseline -0.002 -21"><span class='ocrx_word' id='word_1_116' title='bbox 408 1623 580 1702; x_wconf 87' lang='lat' dir='ltr'>potestate</span> <span class='ocrx_word' id='word_1_117' title='bbox 594 1614 686 1695; x_wconf 88' lang='lat' dir='ltr'>data,</span> <span class='ocrx_word' id='word_1_118' title='bbox 705 1615 765 1680; x_wconf 90' lang='lat' dir='ltr'>sed</span> <span class='ocrx_word' id='word_1_119' title='bbox 780 1623 820 1679; x_wconf 92' lang='lat' dir='ltr'>ut</span> <span class='ocrx_word' id='word_1_120' title='bbox 835 1614 878 1681; x_wconf 88' lang='lat' dir='ltr'>ad</span> <span class='ocrx_word' id='word_1_121' title='bbox 894 1635 1045 1681; x_wconf 90' lang='lat' dir='ltr'>mensam</span> <span class='ocrx_word' id='word_1_122' title='bbox 1060 1635 1139 1681; x_wconf 92' lang='lat' dir='ltr'>cum</span> <span class='ocrx_word' id='word_1_123' title='bbox 1156 1613 1237 1702; x_wconf 88' lang='lat' dir='ltr'>ipsis</span> <span class='ocrx_word' id='word_1_124' title='bbox 1253 1617 1468 1684; x_wconf 88' lang='lat' dir='ltr'>accumberet</span> <span class='ocrx_word' id='word_1_125' title='bbox 1479 1635 1605 1700; x_wconf 85' lang='lat' dir='ltr'>semper·</span> 
     </span>
     <span class='ocr_line' id='line_1_15' title="bbox 411 1701 1606 1791; baseline -0.002 -21"><span class='ocrx_word' id='word_1_126' title='bbox 411 1726 478 1790; x_wconf 88' lang='lat' dir='ltr'>que</span> <span class='ocrx_word' id='word_1_127' title='bbox 493 1725 572 1771; x_wconf 89' lang='lat' dir='ltr'>cum</span> <span class='ocrx_word' id='word_1_128' title='bbox 590 1701 656 1769; x_wconf 90' lang='lat' dir='ltr'>illis</span> <span class='ocrx_word' id='word_1_129' title='bbox 671 1713 772 1770; x_wconf 88' lang='lat' dir='ltr'>esset.</span> <span class='ocrx_word' id='word_1_130' title='bbox 791 1705 927 1770; x_wconf 91' lang='lat' dir='ltr'>Etcum</span> <span class='ocrx_word' id='word_1_131' title='bbox 945 1701 1092 1784; x_wconf 89' lang='lat' dir='ltr'>interim,</span> <span class='ocrx_word' id='word_1_132' title='bbox 1110 1725 1172 1790; x_wconf 91' lang='lat' dir='ltr'>pro</span> <span class='ocrx_word' id='word_1_133' title='bbox 1188 1725 1283 1771; x_wconf 91' lang='lat' dir='ltr'>more</span> <span class='ocrx_word' id='word_1_134' title='bbox 1303 1725 1378 1786; x_wconf 92' lang='lat' dir='ltr'>suo,</span> <span class='ocrx_word' id='word_1_135' title='bbox 1401 1705 1510 1791; x_wconf 87' lang='lat' dir='ltr'>quoad</span> <span class='ocrx_word' id='word_1_136' title='bbox 1526 1713 1606 1790; x_wconf 77' lang='lat' dir='ltr'>pote</span> 
     </span>
     <span class='ocr_line' id='line_1_16' title="bbox 410 1791 1605 1880; baseline -0.003 -20"><span class='ocrx_word' id='word_1_137' title='bbox 410 1803 476 1874; x_wconf 84' lang='lat' dir='ltr'>rat,</span> <span class='ocrx_word' id='word_1_138' title='bbox 495 1793 640 1872; x_wconf 89' lang='lat' dir='ltr'>uiueret,</span> <span class='ocrx_word' id='word_1_139' title='bbox 658 1791 821 1876; x_wconf 89' lang='lat' dir='ltr'>statisque</span> <span class='ocrx_word' id='word_1_140' title='bbox 837 1792 958 1861; x_wconf 86' lang='lat' dir='ltr'>diebus</span> <span class='ocrx_word' id='word_1_141' title='bbox 977 1791 1062 1860; x_wconf 93' lang='lat' dir='ltr'>cibis</span> <span class='ocrx_word' id='word_1_142' title='bbox 1081 1791 1196 1860; x_wconf 88' lang='lat' dir='ltr'>vetitis</span> <span class='ocrx_word' id='word_1_143' title='bbox 1218 1792 1415 1880; x_wconf 88' lang='lat' dir='ltr'>abstineret,</span> <span class='ocrx_word' id='word_1_144' title='bbox 1437 1793 1516 1860; x_wconf 91' lang='lat' dir='ltr'>nihil</span> <span class='ocrx_word' id='word_1_145' title='bbox 1531 1791 1605 1858; x_wconf 88' lang='lat' dir='ltr'>aliud</span> 
     </span>
     <span class='ocr_line' id='line_1_17' title="bbox 410 1879 1606 1969; baseline -0.004 -20"><span class='ocrx_word' id='word_1_146' title='bbox 410 1903 512 1968; x_wconf 90' lang='lat' dir='ltr'>quam</span> <span class='ocrx_word' id='word_1_147' title='bbox 528 1880 728 1962; x_wconf 89' lang='lat' dir='ltr'>illudebant,</span> <span class='ocrx_word' id='word_1_148' title='bbox 747 1892 818 1965; x_wconf 90' lang='lat' dir='ltr'>aut,</span> <span class='ocrx_word' id='word_1_149' title='bbox 838 1892 876 1948; x_wconf 94' lang='lat' dir='ltr'>ut</span> <span class='ocrx_word' id='word_1_150' title='bbox 891 1880 1073 1969; x_wconf 90' lang='lat' dir='ltr'>plurimum</span> <span class='ocrx_word' id='word_1_151' title='bbox 1089 1881 1199 1949; x_wconf 91' lang='lat' dir='ltr'>leuius</span> <span class='ocrx_word' id='word_1_152' title='bbox 1215 1882 1503 1961; x_wconf 85' lang='lat' dir='ltr'>conuiciabantur,</span> <span class='ocrx_word' id='word_1_153' title='bbox 1524 1879 1606 1948; x_wconf 89' lang='lat' dir='ltr'>nullis</span> 
     </span>
     <span class='ocr_line' id='line_1_18' title="bbox 409 1967 1607 2059; baseline -0.003 -22"><span class='ocrx_word' id='word_1_154' title='bbox 409 1971 545 2039; x_wconf 88' lang='lat' dir='ltr'>interim</span> <span class='ocrx_word' id='word_1_155' title='bbox 561 1969 648 2037; x_wconf 93' lang='lat' dir='ltr'>escis</span> <span class='ocrx_word' id='word_1_156' title='bbox 669 1969 846 2057; x_wconf 88' lang='lat' dir='ltr'>appositis,</span> <span class='ocrx_word' id='word_1_157' title='bbox 875 1993 977 2056; x_wconf 89' lang='lat' dir='ltr'>quam</span> <span class='ocrx_word' id='word_1_158' title='bbox 1004 1971 1129 2056; x_wconf 91' lang='lat' dir='ltr'>quibus</span> <span class='ocrx_word' id='word_1_159' title='bbox 1144 1970 1208 2059; x_wconf 89' lang='lat' dir='ltr'>ipsi</span> <span class='ocrx_word' id='word_1_160' title='bbox 1231 1973 1472 2040; x_wconf 90' lang='lat' dir='ltr'>vescebantur.</span> <span class='ocrx_word' id='word_1_161' title='bbox 1493 1967 1607 2038; x_wconf 82' lang='lat' dir='ltr'>Exactis</span> 
     </span>
     <span class='ocr_line' id='line_1_19' title="bbox 410 2057 1607 2146; baseline -0.005 -17"><span class='ocrx_word' id='word_1_162' title='bbox 410 2083 470 2130; x_wconf 83' lang='lat' dir='ltr'>serr</span> <span class='ocrx_word' id='word_1_163' title='bbox 486 2057 720 2140; x_wconf 89' lang='lat' dir='ltr'>hebdomadis,</span> <span class='ocrx_word' id='word_1_164' title='bbox 739 2071 958 2146; x_wconf 86' lang='lat' dir='ltr'>posteaquam</span> <span class='ocrx_word' id='word_1_165' title='bbox 974 2059 1009 2127; x_wconf 91' lang='lat' dir='ltr'>in</span> <span class='ocrx_word' id='word_1_166' title='bbox 1026 2083 1147 2128; x_wconf 90' lang='lat' dir='ltr'>manus</span> <span class='ocrx_word' id='word_1_167' title='bbox 1162 2081 1278 2128; x_wconf 90' lang='lat' dir='ltr'>eorum</span> <span class='ocrx_word' id='word_1_168' title='bbox 1297 2072 1449 2143; x_wconf 90' lang='lat' dir='ltr'>uenerat,</span> <span class='ocrx_word' id='word_1_169' title='bbox 1466 2059 1540 2126; x_wconf 91' lang='lat' dir='ltr'>victi</span> <span class='ocrx_word' id='word_1_170' title='bbox 1553 2059 1607 2124; x_wconf 84' lang='lat' dir='ltr'>sra-</span> 
     </span>
     <span class='ocr_line' id='line_1_20' title="bbox 411 2147 1606 2237; baseline -0.006 -19"><span class='ocrx_word' id='word_1_171' title='bbox 411 2149 526 2235; x_wconf 90' lang='lat' dir='ltr'>ctique</span> <span class='ocrx_word' id='word_1_172' title='bbox 542 2147 717 2237; x_wconf 87' lang='lat' dir='ltr'>patientia,</span> <span class='ocrx_word' id='word_1_173' title='bbox 735 2148 991 2234; x_wconf 87' lang='lat' dir='ltr'>constantiaque</span> <span class='ocrx_word' id='word_1_174' title='bbox 1008 2150 1082 2218; x_wconf 90' lang='lat' dir='ltr'>eius</span> <span class='ocrx_word' id='word_1_175' title='bbox 1097 2161 1132 2218; x_wconf 89' lang='lat' dir='ltr'>et</span> <span class='ocrx_word' id='word_1_176' title='bbox 1147 2151 1394 2218; x_wconf 87' lang='lat' dir='ltr'>consuetudine</span> <span class='ocrx_word' id='word_1_177' title='bbox 1413 2147 1562 2226; x_wconf 88' lang='lat' dir='ltr'>devincti,</span> <span class='ocrx_word' id='word_1_178' title='bbox 1575 2147 1606 2211; x_wconf 91' lang='lat' dir='ltr'>li·</span> 
     </span>
     <span class='ocr_line' id='line_1_21' title="bbox 411 2235 1609 2326; baseline -0.006 -20"><span class='ocrx_word' id='word_1_179' title='bbox 411 2241 579 2307; x_wconf 88' lang='lat' dir='ltr'>bertatem</span> <span class='ocrx_word' id='word_1_180' title='bbox 594 2239 626 2305; x_wconf 91' lang='lat' dir='ltr'>ei</span> <span class='ocrx_word' id='word_1_181' title='bbox 642 2239 810 2305; x_wconf 91' lang='lat' dir='ltr'>dederunt</span> <span class='ocrx_word' id='word_1_182' title='bbox 825 2239 973 2307; x_wconf 91' lang='lat' dir='ltr'>abeundi</span> <span class='ocrx_word' id='word_1_183' title='bbox 989 2239 1024 2305; x_wconf 89' lang='lat' dir='ltr'>in</span> <span class='ocrx_word' id='word_1_184' title='bbox 1041 2239 1283 2307; x_wconf 90' lang='lat' dir='ltr'>catholicorum</span> <span class='ocrx_word' id='word_1_185' title='bbox 1301 2251 1423 2324; x_wconf 85' lang='lat' dir='ltr'>castra,</span> <span class='ocrx_word' id='word_1_186' title='bbox 1440 2261 1523 2326; x_wconf 89' lang='lat' dir='ltr'>quae</span> <span class='ocrx_word' id='word_1_187' title='bbox 1536 2235 1609 2302; x_wconf 91' lang='lat' dir='ltr'>haud</span> 
     </span>
     <span class='ocr_line' id='line_1_22' title="bbox 411 2327 1608 2415; baseline -0.003 -19"><span class='ocrx_word' id='word_1_188' title='bbox 411 2330 529 2415; x_wconf 87' lang='lat' dir='ltr'>longe,</span> <span class='ocrx_word' id='word_1_189' title='bbox 558 2327 638 2396; x_wconf 91' lang='lat' dir='ltr'>inde</span> <span class='ocrx_word' id='word_1_190' title='bbox 658 2329 810 2396; x_wconf 90' lang='lat' dir='ltr'>aberant.</span> <span class='ocrx_word' id='word_1_191' title='bbox 835 2330 901 2412; x_wconf 87' lang='lat' dir='ltr'>Ac,</span> <span class='ocrx_word' id='word_1_192' title='bbox 927 2352 970 2398; x_wconf 88' lang='lat' dir='ltr'>ne</span> <span class='ocrx_word' id='word_1_193' title='bbox 990 2329 1026 2395; x_wconf 92' lang='lat' dir='ltr'>in</span> <span class='ocrx_word' id='word_1_194' title='bbox 1047 2328 1178 2415; x_wconf 87' lang='lat' dir='ltr'>aliquos</span> <span class='ocrx_word' id='word_1_195' title='bbox 1193 2327 1277 2396; x_wconf 88' lang='lat' dir='ltr'>alios</span> <span class='ocrx_word' id='word_1_196' title='bbox 1299 2328 1463 2398; x_wconf 88' lang='lat' dir='ltr'>incideret</span> <span class='ocrx_word' id='word_1_197' title='bbox 1482 2327 1608 2397; x_wconf 86' lang='lat' dir='ltr'>eiusdem</span> 
     </span>
     <span class='ocr_line' id='line_1_23' title="bbox 413 2416 1609 2506; baseline -0.003 -21"><span class='ocrx_word' id='word_1_198' title='bbox 413 2427 528 2486; x_wconf 87' lang='lat' dir='ltr'>sectae</span> <span class='ocrx_word' id='word_1_199' title='bbox 543 2416 708 2496; x_wconf 73' lang='lat' dir='ltr'>homines</span> <span class='ocrx_word' id='word_1_200' title='bbox 727 2439 747 2484; x_wconf 92' lang='lat' dir='ltr'>a</span> <span class='ocrx_word' id='word_1_201' title='bbox 762 2416 887 2502; x_wconf 91' lang='lat' dir='ltr'>quibus</span> <span class='ocrx_word' id='word_1_202' title='bbox 903 2419 1046 2485; x_wconf 86' lang='lat' dir='ltr'>fortasse</span> <span class='ocrx_word' id='word_1_203' title='bbox 1061 2419 1256 2485; x_wconf 88' lang='lat' dir='ltr'>detrimenti</span> <span class='ocrx_word' id='word_1_204' title='bbox 1267 2418 1393 2506; x_wconf 91' lang='lat' dir='ltr'>aliquid</span> <span class='ocrx_word' id='word_1_205' title='bbox 1405 2417 1549 2505; x_wconf 89' lang='lat' dir='ltr'>accipere</span> <span class='ocrx_word' id='word_1_206' title='bbox 1560 2433 1609 2500; x_wconf 89' lang='lat' dir='ltr'>po·</span> 
     </span>
     <span class='ocr_line' id='line_1_24' title="bbox 414 2505 1609 2592; baseline -0.005 -18"><span class='ocrx_word' id='word_1_207' title='bbox 414 2507 548 2588; x_wconf 87' lang='lat' dir='ltr'>tuisset,</span> <span class='ocrx_word' id='word_1_208' title='bbox 565 2505 702 2591; x_wconf 88' lang='lat' dir='ltr'>aliquod</span> <span class='ocrx_word' id='word_1_209' title='bbox 717 2528 796 2574; x_wconf 89' lang='lat' dir='ltr'>eum</span> <span class='ocrx_word' id='word_1_210' title='bbox 812 2529 854 2574; x_wconf 92' lang='lat' dir='ltr'>eo</span> <span class='ocrx_word' id='word_1_211' title='bbox 871 2529 980 2592; x_wconf 88' lang='lat' dir='ltr'>usque</span> <span class='ocrx_word' id='word_1_212' title='bbox 991 2507 1142 2574; x_wconf 89' lang='lat' dir='ltr'>comitati</span> <span class='ocrx_word' id='word_1_213' title='bbox 1154 2517 1246 2588; x_wconf 90' lang='lat' dir='ltr'>sunt,</span> <span class='ocrx_word' id='word_1_214' title='bbox 1260 2509 1351 2576; x_wconf 89' lang='lat' dir='ltr'>vnde</span> <span class='ocrx_word' id='word_1_215' title='bbox 1364 2517 1439 2575; x_wconf 95' lang='lat' dir='ltr'>tuto</span> <span class='ocrx_word' id='word_1_216' title='bbox 1450 2507 1485 2573; x_wconf 93' lang='lat' dir='ltr'>in</span> <span class='ocrx_word' id='word_1_217' title='bbox 1499 2515 1609 2572; x_wconf 80' lang='lat' dir='ltr'>nostro</span> 
     </span>
     <span class='ocr_line' id='line_1_25' title="bbox 412 2593 1609 2686; baseline -0.003 -20"><span class='ocrx_word' id='word_1_218' title='bbox 412 2616 488 2666; x_wconf 87' lang='lat' dir='ltr'>rum</span> <span class='ocrx_word' id='word_1_219' title='bbox 500 2605 611 2663; x_wconf 91' lang='lat' dir='ltr'>castra</span> <span class='ocrx_word' id='word_1_220' title='bbox 625 2595 793 2682; x_wconf 91' lang='lat' dir='ltr'>peruenit,</span> <span class='ocrx_word' id='word_1_221' title='bbox 812 2618 832 2662; x_wconf 89' lang='lat' dir='ltr'>a</span> <span class='ocrx_word' id='word_1_222' title='bbox 848 2595 972 2683; x_wconf 91' lang='lat' dir='ltr'>quibus</span> <span class='ocrx_word' id='word_1_223' title='bbox 983 2595 1134 2686; x_wconf 87' lang='lat' dir='ltr'>benigne</span> <span class='ocrx_word' id='word_1_224' title='bbox 1146 2607 1319 2684; x_wconf 88' lang='lat' dir='ltr'>acceptus,</span> <span class='ocrx_word' id='word_1_225' title='bbox 1333 2607 1410 2686; x_wconf 92' lang='lat' dir='ltr'>post</span> <span class='ocrx_word' id='word_1_226' title='bbox 1421 2596 1493 2667; x_wconf 90' lang='lat' dir='ltr'>dies</span> <span class='ocrx_word' id='word_1_227' title='bbox 1504 2593 1609 2680; x_wconf 77' lang='lat' dir='ltr'>aliquot</span> 
     </span>
     <span class='ocr_line' id='line_1_26' title="bbox 416 2684 989 2755; baseline 0 -1"><span class='ocrx_word' id='word_1_228' title='bbox 416 2686 460 2754; x_wconf 92' lang='lat' dir='ltr'>ad</span> <span class='ocrx_word' id='word_1_229' title='bbox 475 2707 538 2754; x_wconf 91' lang='lat' dir='ltr'>nos</span> <span class='ocrx_word' id='word_1_230' title='bbox 554 2684 733 2754; x_wconf 89' lang='lat' dir='ltr'>incolumis</span> <span class='ocrx_word' id='word_1_231' title='bbox 748 2695 801 2754; x_wconf 88' lang='lat' dir='ltr'>est</span> <span class='ocrx_word' id='word_1_232' title='bbox 817 2685 989 2755; x_wconf 75' lang='lat' dir='ltr'>remissus,</span> 
     </span>
    </p>
   </div>
   <div class='ocr_carea' id='block_1_3' title="bbox 654 2901 1274 3218">
    <p class='ocr_par' dir='ltr' id='par_1_3' title="bbox 654 2901 1274 3218">
     <span class='ocr_line' id='line_1_27' title="bbox 975 2901 1081 2968; baseline 0.019 -2"><span class='ocrx_word' id='word_1_233' title='bbox 975 2901 1023 2967; x_wconf 90' lang='lat' dir='ltr'>lX</span> <span class='ocrx_word' id='word_1_234' title='bbox 1059 2903 1081 2968; x_wconf 90' lang='lat' dir='ltr'>d</span> 
     </span>
     <span class='ocr_line' id='line_1_28' title="bbox 654 2901 1274 3085; baseline 0.005 -6"><span class='ocrx_word' id='word_1_235' title='bbox 654 3020 660 3031; x_wconf 68' lang='lat'><strong>⁴</strong></span> <span class='ocrx_word' id='word_1_236' title='bbox 781 3025 821 3082; x_wconf 89' lang='lat' dir='ltr'>P.</span> <span class='ocrx_word' id='word_1_237' title='bbox 853 2901 1130 3084; x_wconf 57' lang='lat' dir='ltr'>LAMBERiUS</span> <span class='ocrx_word' id='word_1_238' title='bbox 1155 3026 1274 3085; x_wconf 80' lang='lat' dir='ltr'>AUER</span> 
     </span>
     <span class='ocr_line' id='line_1_29' title="bbox 818 3155 1241 3218; baseline 0.007 -16"><span class='ocrx_word' id='word_1_239' title='bbox 818 3155 925 3204; x_wconf 77' lang='lat' dir='ltr'>parm</span> <span class='ocrx_word' id='word_1_240' title='bbox 950 3155 1086 3218; x_wconf 79' lang='lat' dir='ltr'>Jncoao</span> <span class='ocrx_word' id='word_1_241' title='bbox 1110 3157 1241 3204; x_wconf 76' lang='lat' dir='ltr'>Lnrnuz</span> 
     </span>
    </p>
   </div>
   <div class='ocr_carea' id='block_1_4' title="bbox 740 3259 1315 3346">
    <p class='ocr_par' dir='ltr' id='par_1_4' title="bbox 740 3259 1315 3346">
     <span class='ocr_line' id='line_1_30' title="bbox 740 3259 1315 3346; baseline 0.003 -18"><span class='ocrx_word' id='word_1_242' title='bbox 740 3259 953 3346; x_wconf 77' lang='lat' dir='ltr'>Moguntiae,</span> <span class='ocrx_word' id='word_1_243' title='bbox 973 3261 992 3326; x_wconf 93' lang='lat'>8</span> <span class='ocrx_word' id='word_1_244' title='bbox 1010 3261 1171 3330; x_wconf 89' lang='lat' dir='ltr'>Octobris</span> <span class='ocrx_word' id='word_1_245' title='bbox 1191 3264 1273 3346; x_wconf 84' lang='lat'>1562</span> <span class='ocrx_word' id='word_1_246' title='bbox 1292 3266 1315 3330; x_wconf 88' lang='lat'>¹.</span> 
     </span>
    </p>
   </div>
   <div class='ocr_carea' id='block_1_5' title="bbox 701 3384 1357 3458">
    <p class='ocr_par' dir='ltr' id='par_1_5' title="bbox 701 3384 1357 3458">
     <span class='ocr_line' id='line_1_31' title="bbox 701 3384 1357 3458; baseline 0.011 -19"><span class='ocrx_word' id='word_1_247' title='bbox 701 3386 740 3441; x_wconf 91' lang='lat' dir='ltr'>P.</span> <span class='ocrx_word' id='word_1_248' title='bbox 768 3384 891 3440; x_wconf 81' lang='lat' dir='ltr'>Natalis</span> <span class='ocrx_word' id='word_1_249' title='bbox 911 3387 1004 3440; x_wconf 83' lang='lat' dir='ltr'>socios</span> <span class='ocrx_word' id='word_1_250' title='bbox 1024 3387 1219 3458; x_wconf 80' lang='lat' dir='ltr'>moguntinos</span> <span class='ocrx_word' id='word_1_251' title='bbox 1237 3389 1357 3446; x_wconf 81' lang='lat' dir='ltr'>invisit.</span> 
     </span>
    </p>
   </div>
   <div class='ocr_carea' id='block_1_6' title="bbox 419 3492 1619 4476">
    <p class='ocr_par' dir='ltr' id='par_1_6' title="bbox 419 3492 1619 4476">
     <span class='ocr_line' id='line_1_32' title="bbox 490 3492 1614 3582; baseline -0.001 -20"><span class='ocrx_word' id='word_1_252' title='bbox 490 3494 591 3562; x_wconf 86' lang='lat' dir='ltr'>....Al</span> <span class='ocrx_word' id='word_1_253' title='bbox 606 3492 771 3580; x_wconf 91' lang='lat' dir='ltr'>principio</span> <span class='ocrx_word' id='word_1_254' title='bbox 787 3493 822 3559; x_wconf 92' lang='lat' dir='ltr'>di</span> <span class='ocrx_word' id='word_1_255' title='bbox 842 3495 1035 3562; x_wconf 89' lang='lat' dir='ltr'>Settembre</span> <span class='ocrx_word' id='word_1_256' title='bbox 1055 3495 1168 3562; x_wconf 83' lang='lat' dir='ltr'>arriub</span> <span class='ocrx_word' id='word_1_257' title='bbox 1189 3495 1247 3582; x_wconf 93' lang='lat' dir='ltr'>qui</span> <span class='ocrx_word' id='word_1_258' title='bbox 1267 3496 1291 3563; x_wconf 92' lang='lat' dir='ltr'>il</span> <span class='ocrx_word' id='word_1_259' title='bbox 1311 3499 1352 3564; x_wconf 92' lang='lat' dir='ltr'>R.</span> <span class='ocrx_word' id='word_1_260' title='bbox 1376 3498 1416 3565; x_wconf 93' lang='lat' dir='ltr'>P.</span> <span class='ocrx_word' id='word_1_261' title='bbox 1437 3494 1563 3572; x_wconf 81' lang='lat' dir='ltr'>Natale,</span> <span class='ocrx_word' id='word_1_262' title='bbox 1577 3497 1614 3568; x_wconf 74' lang='lat' dir='ltr'>et,</span> 
     </span>
     <span class='ocr_line' id='line_1_33' title="bbox 419 3580 1616 3671; baseline 0.001 -20"><span class='ocrx_word' id='word_1_263' title='bbox 419 3606 480 3671; x_wconf 90' lang='lat' dir='ltr'>per</span> <span class='ocrx_word' id='word_1_264' title='bbox 495 3604 598 3650; x_wconf 89' lang='lat' dir='ltr'>cause</span> <span class='ocrx_word' id='word_1_265' title='bbox 614 3584 701 3650; x_wconf 90' lang='lat' dir='ltr'>delle</span> <span class='ocrx_word' id='word_1_266' title='bbox 718 3583 801 3652; x_wconf 85' lang='lat' dir='ltr'>ferie</span> <span class='ocrx_word' id='word_1_267' title='bbox 816 3583 850 3649; x_wconf 94' lang='lat' dir='ltr'>di</span> <span class='ocrx_word' id='word_1_268' title='bbox 867 3583 1105 3666; x_wconf 85' lang='lat' dir='ltr'>Frankfordia‚</span> <span class='ocrx_word' id='word_1_269' title='bbox 1122 3585 1187 3653; x_wconf 88' lang='lat' dir='ltr'>alle</span> <span class='ocrx_word' id='word_1_270' title='bbox 1203 3587 1302 3669; x_wconf 84' lang='lat' dir='ltr'>quate</span> <span class='ocrx_word' id='word_1_271' title='bbox 1318 3588 1407 3655; x_wconf 78' lang='lat' dir='ltr'>ando</span> <span class='ocrx_word' id='word_1_272' title='bbox 1427 3609 1488 3654; x_wconf 90' lang='lat' dir='ltr'>sua</span> <span class='ocrx_word' id='word_1_273' title='bbox 1502 3587 1552 3663; x_wconf 75' lang='lat' dir='ltr'>tt,</span> <span class='ocrx_word' id='word_1_274' title='bbox 1566 3580 1616 3645; x_wconf 85' lang='lat' dir='ltr'>do·</span> 
     </span>
     <span class='ocr_line' id='line_1_34' title="bbox 419 3664 1615 3766; baseline -0.005 -27"><span class='ocrx_word' id='word_1_275' title='bbox 419 3674 475 3762; x_wconf 93' lang='lat' dir='ltr'>poi</span> <span class='ocrx_word' id='word_1_276' title='bbox 491 3695 550 3758; x_wconf 88' lang='lat' dir='ltr'>per</span> <span class='ocrx_word' id='word_1_277' title='bbox 566 3693 669 3739; x_wconf 88' lang='lat' dir='ltr'>causa</span> <span class='ocrx_word' id='word_1_278' title='bbox 684 3671 719 3737; x_wconf 94' lang='lat' dir='ltr'>di</span> <span class='ocrx_word' id='word_1_279' title='bbox 735 3672 856 3738; x_wconf 90' lang='lat' dir='ltr'>soldati</span> <span class='ocrx_word' id='word_1_280' title='bbox 872 3675 935 3739; x_wconf 87' lang='lat' dir='ltr'>che</span> <span class='ocrx_word' id='word_1_281' title='bbox 951 3694 1153 3758; x_wconf 90' lang='lat' dir='ltr'>passorono,</span> <span class='ocrx_word' id='word_1_282' title='bbox 1172 3677 1263 3742; x_wconf 82' lang='lat' dir='ltr'>resto</span> <span class='ocrx_word' id='word_1_283' title='bbox 1283 3675 1342 3760; x_wconf 92' lang='lat' dir='ltr'>qui</span> <span class='ocrx_word' id='word_1_284' title='bbox 1362 3675 1386 3741; x_wconf 94' lang='lat' dir='ltr'>il</span> <span class='ocrx_word' id='word_1_285' title='bbox 1407 3671 1559 3762; x_wconf 90' lang='lat' dir='ltr'>principio</span> <span class='ocrx_word' id='word_1_286' title='bbox 1571 3664 1615 3766; x_wconf 76' lang='lat' dir='ltr'>del</span> 
     </span>
     <span class='ocr_line' id='line_1_35' title="bbox 419 3757 1615 3850; baseline -0.001 -22"><span class='ocrx_word' id='word_1_287' title='bbox 419 3771 576 3850; x_wconf 86' lang='lat' dir='ltr'>presente</span> <span class='ocrx_word' id='word_1_288' title='bbox 591 3783 656 3828; x_wconf 88' lang='lat' dir='ltr'>con</span> <span class='ocrx_word' id='word_1_289' title='bbox 678 3762 809 3846; x_wconf 86' lang='lat' dir='ltr'>grande</span> <span class='ocrx_word' id='word_1_290' title='bbox 831 3761 981 3843; x_wconf 91' lang='lat' dir='ltr'>adiutto,</span> <span class='ocrx_word' id='word_1_291' title='bbox 1004 3773 1038 3828; x_wconf 91' lang='lat' dir='ltr'>et</span> <span class='ocrx_word' id='word_1_292' title='bbox 1060 3763 1185 3844; x_wconf 84' lang='lat' dir='ltr'>frutto,</span> <span class='ocrx_word' id='word_1_293' title='bbox 1208 3773 1243 3832; x_wconf 91' lang='lat' dir='ltr'>et</span> <span class='ocrx_word' id='word_1_294' title='bbox 1263 3765 1508 3844; x_wconf 90' lang='lat' dir='ltr'>consolatione,</span> <span class='ocrx_word' id='word_1_295' title='bbox 1528 3757 1615 3844; x_wconf 82' lang='lat' dir='ltr'>erph-</span> 
     </span>
     <span class='ocr_line' id='line_1_36' title="bbox 420 3845 1616 3940; baseline -0.008 -21"><span class='ocrx_word' id='word_1_296' title='bbox 420 3852 529 3919; x_wconf 86' lang='lat' dir='ltr'>cando</span> <span class='ocrx_word' id='word_1_297' title='bbox 556 3853 578 3916; x_wconf 94' lang='lat' dir='ltr'>l&#39;</span> <span class='ocrx_word' id='word_1_298' title='bbox 603 3850 761 3917; x_wconf 90' lang='lat' dir='ltr'>instituto</span> <span class='ocrx_word' id='word_1_299' title='bbox 783 3860 884 3918; x_wconf 89' lang='lat' dir='ltr'>santo</span> <span class='ocrx_word' id='word_1_300' title='bbox 910 3863 1028 3918; x_wconf 92' lang='lat' dir='ltr'>nostro</span> <span class='ocrx_word' id='word_1_301' title='bbox 1050 3862 1085 3920; x_wconf 90' lang='lat' dir='ltr'>et</span> <span class='ocrx_word' id='word_1_302' title='bbox 1108 3873 1188 3919; x_wconf 88' lang='lat' dir='ltr'>cose</span> <span class='ocrx_word' id='word_1_303' title='bbox 1208 3852 1409 3940; x_wconf 88' lang='lat' dir='ltr'>principale,</span> <span class='ocrx_word' id='word_1_304' title='bbox 1436 3845 1616 3921; x_wconf 84' lang='lat' dir='ltr'>risormando</span> 
     </span>
     <span class='ocr_line' id='line_1_37' title="bbox 420 3939 1616 4026; baseline -0.007 -20"><span class='ocrx_word' id='word_1_305' title='bbox 420 3942 443 4006; x_wconf 91' lang='lat' dir='ltr'>l’</span> <span class='ocrx_word' id='word_1_306' title='bbox 457 3939 619 4008; x_wconf 92' lang='lat' dir='ltr'>interiore</span> <span class='ocrx_word' id='word_1_307' title='bbox 630 3950 665 4005; x_wconf 90' lang='lat' dir='ltr'>et</span> <span class='ocrx_word' id='word_1_308' title='bbox 677 3940 843 4007; x_wconf 88' lang='lat' dir='ltr'>exteriore</span> <span class='ocrx_word' id='word_1_309' title='bbox 855 3940 999 4026; x_wconf 90' lang='lat' dir='ltr'>collegio</span> <span class='ocrx_word' id='word_1_310' title='bbox 1011 3950 1142 4022; x_wconf 88' lang='lat' dir='ltr'>nostr0‚</span> <span class='ocrx_word' id='word_1_311' title='bbox 1156 3943 1305 4009; x_wconf 90' lang='lat' dir='ltr'>secondo</span> <span class='ocrx_word' id='word_1_312' title='bbox 1317 3943 1340 4008; x_wconf 95' lang='lat' dir='ltr'>il</span> <span class='ocrx_word' id='word_1_313' title='bbox 1352 3943 1464 4025; x_wconf 88' lang='lat' dir='ltr'>solito,</span> <span class='ocrx_word' id='word_1_314' title='bbox 1477 3953 1509 4010; x_wconf 90' lang='lat' dir='ltr'>et</span> <span class='ocrx_word' id='word_1_315' title='bbox 1523 3941 1616 4006; x_wconf 86' lang='lat' dir='ltr'>laeen-</span> 
     </span>
     <span class='ocr_line' id='line_1_38' title="bbox 421 4028 1617 4119; baseline -0.008 -22"><span class='ocrx_word' id='word_1_316' title='bbox 421 4029 496 4097; x_wconf 92' lang='lat' dir='ltr'>dosi</span> <span class='ocrx_word' id='word_1_317' title='bbox 512 4052 598 4116; x_wconf 89' lang='lat' dir='ltr'>gran</span> <span class='ocrx_word' id='word_1_318' title='bbox 614 4028 726 4096; x_wconf 88' lang='lat' dir='ltr'>animo</span> <span class='ocrx_word' id='word_1_319' title='bbox 742 4029 823 4096; x_wconf 92' lang='lat' dir='ltr'>nelli</span> <span class='ocrx_word' id='word_1_320' title='bbox 838 4028 1003 4098; x_wconf 91' lang='lat' dir='ltr'>essercitii</span> <span class='ocrx_word' id='word_1_321' title='bbox 1019 4031 1137 4097; x_wconf 88' lang='lat' dir='ltr'>nostri.</span> <span class='ocrx_word' id='word_1_322' title='bbox 1157 4031 1362 4119; x_wconf 89' lang='lat' dir='ltr'>Preghiamo</span> <span class='ocrx_word' id='word_1_323' title='bbox 1374 4034 1418 4101; x_wconf 93' lang='lat' dir='ltr'>N.</span> <span class='ocrx_word' id='word_1_324' title='bbox 1435 4035 1470 4102; x_wconf 90' lang='lat' dir='ltr'>S.</span> <span class='ocrx_word' id='word_1_325' title='bbox 1484 4034 1617 4099; x_wconf 91' lang='lat' dir='ltr'>checon-</span> 
     </span>
     <span class='ocr_line' id='line_1_39' title="bbox 424 4118 1618 4209; baseline -0.004 -23"><span class='ocrx_word' id='word_1_326' title='bbox 424 4120 520 4188; x_wconf 86' lang='lat' dir='ltr'>fermi</span> <span class='ocrx_word' id='word_1_327' title='bbox 537 4130 572 4188; x_wconf 93' lang='lat' dir='ltr'>et</span> <span class='ocrx_word' id='word_1_328' title='bbox 588 4118 777 4205; x_wconf 88' lang='lat' dir='ltr'>augmenti,</span> <span class='ocrx_word' id='word_1_329' title='bbox 795 4128 830 4188; x_wconf 89' lang='lat' dir='ltr'>et</span> <span class='ocrx_word' id='word_1_330' title='bbox 845 4119 875 4185; x_wconf 92' lang='lat' dir='ltr'>si</span> <span class='ocrx_word' id='word_1_331' title='bbox 890 4119 996 4186; x_wconf 78' lang='lat' dir='ltr'>faccia</span> <span class='ocrx_word' id='word_1_332' title='bbox 1011 4119 1116 4206; x_wconf 87' lang='lat' dir='ltr'>degni</span> <span class='ocrx_word' id='word_1_333' title='bbox 1132 4119 1166 4187; x_wconf 92' lang='lat' dir='ltr'>di</span> <span class='ocrx_word' id='word_1_334' title='bbox 1186 4133 1307 4206; x_wconf 88' lang='lat' dir='ltr'>questa</span> <span class='ocrx_word' id='word_1_335' title='bbox 1326 4121 1449 4209; x_wconf 87' lang='lat' dir='ltr'>gratia.</span> <span class='ocrx_word' id='word_1_336' title='bbox 1471 4124 1618 4209; x_wconf 74' lang='lat' dir='ltr'>appresso</span> 
     </span>
     <span class='ocr_line' id='line_1_40' title="bbox 423 4208 1619 4298; baseline -0.007 -22"><span class='ocrx_word' id='word_1_337' title='bbox 423 4209 458 4276; x_wconf 92' lang='lat' dir='ltr'>di</span> <span class='ocrx_word' id='word_1_338' title='bbox 478 4208 678 4294; x_wconf 85' lang='lat' dir='ltr'>Monsignor</span> <span class='ocrx_word' id='word_1_339' title='bbox 693 4211 802 4276; x_wconf 88' lang='lat' dir='ltr'>anche</span> <span class='ocrx_word' id='word_1_340' title='bbox 817 4230 995 4293; x_wconf 86' lang='lat' dir='ltr'>promosce</span> <span class='ocrx_word' id='word_1_341' title='bbox 1011 4221 1132 4294; x_wconf 88' lang='lat' dir='ltr'>queste</span> <span class='ocrx_word' id='word_1_342' title='bbox 1148 4231 1228 4280; x_wconf 93' lang='lat' dir='ltr'>cose</span> <span class='ocrx_word' id='word_1_343' title='bbox 1248 4223 1378 4297; x_wconf 92' lang='lat' dir='ltr'>quanto</span> <span class='ocrx_word' id='word_1_344' title='bbox 1399 4214 1431 4278; x_wconf 98' lang='lat' dir='ltr'>al</span> <span class='ocrx_word' id='word_1_345' title='bbox 1447 4215 1619 4298; x_wconf 83' lang='lat' dir='ltr'>presentes</span> 
     </span>
     <span class='ocr_line' id='line_1_41' title="bbox 424 4291 1615 4386; baseline -0.003 -20"><span class='ocrx_word' id='word_1_346' title='bbox 424 4309 549 4386; x_wconf 88' lang='lat' dir='ltr'>poteua</span> <span class='ocrx_word' id='word_1_347' title='bbox 565 4298 648 4370; x_wconf 85' lang='lat' dir='ltr'>fare.</span> <span class='ocrx_word' id='word_1_348' title='bbox 667 4296 711 4364; x_wconf 92' lang='lat' dir='ltr'>Di</span> <span class='ocrx_word' id='word_1_349' title='bbox 727 4298 759 4363; x_wconf 75' lang='lat' dir='ltr'>la</span> <span class='ocrx_word' id='word_1_350' title='bbox 775 4298 864 4366; x_wconf 83' lang='lat' dir='ltr'>ando</span> <span class='ocrx_word' id='word_1_351' title='bbox 879 4319 938 4384; x_wconf 92' lang='lat' dir='ltr'>per</span> <span class='ocrx_word' id='word_1_352' title='bbox 954 4299 1146 4384; x_wconf 91' lang='lat' dir='ltr'>Herbipoli,</span> <span class='ocrx_word' id='word_1_353' title='bbox 1164 4302 1312 4371; x_wconf 90' lang='lat' dir='ltr'>secondo</span> <span class='ocrx_word' id='word_1_354' title='bbox 1326 4302 1349 4369; x_wconf 88' lang='lat' dir='ltr'>l&#39;</span> <span class='ocrx_word' id='word_1_355' title='bbox 1367 4300 1485 4372; x_wconf 89' lang='lat' dir='ltr'>ordine</span> <span class='ocrx_word' id='word_1_356' title='bbox 1495 4297 1526 4367; x_wconf 90' lang='lat' dir='ltr'>di</span> <span class='ocrx_word' id='word_1_357' title='bbox 1537 4295 1573 4364; x_wconf 90' lang='lat' dir='ltr'>N.</span> <span class='ocrx_word' id='word_1_358' title='bbox 1587 4291 1615 4356; x_wconf 87' lang='lat' dir='ltr'>P·</span> 
     </span>
     <span class='ocr_line' id='line_1_42' title="bbox 425 4386 1084 4476; baseline 0.003 -21"><span class='ocrx_word' id='word_1_359' title='bbox 425 4409 486 4475; x_wconf 87' lang='lat' dir='ltr'>per</span> <span class='ocrx_word' id='word_1_360' title='bbox 501 4389 624 4455; x_wconf 87' lang='lat' dir='ltr'>vedere</span> <span class='ocrx_word' id='word_1_361' title='bbox 640 4387 672 4454; x_wconf 87' lang='lat' dir='ltr'>le</span> <span class='ocrx_word' id='word_1_362' title='bbox 687 4408 768 4454; x_wconf 90' lang='lat' dir='ltr'>cose</span> <span class='ocrx_word' id='word_1_363' title='bbox 783 4386 817 4454; x_wconf 91' lang='lat' dir='ltr'>di</span> <span class='ocrx_word' id='word_1_364' title='bbox 834 4388 912 4474; x_wconf 88' lang='lat' dir='ltr'>quel</span> <span class='ocrx_word' id='word_1_365' title='bbox 927 4387 1084 4476; x_wconf 87' lang='lat' dir='ltr'>collegio.</span> 
     </span>
    </p>
   </div>
   <div class='ocr_carea' id='block_1_7' title="bbox 479 4583 972 4662">
    <p class='ocr_par' dir='ltr' id='par_1_7' title="bbox 479 4583 972 4662">
     <span class='ocr_line' id='line_1_43' title="bbox 479 4583 972 4662; baseline 0.004 -20"><span class='ocrx_word' id='word_1_366' title='bbox 479 4589 488 4621; x_wconf 91' lang='lat'>¹</span> <span class='ocrx_word' id='word_1_367' title='bbox 526 4585 569 4642; x_wconf 87' lang='lat' dir='ltr'>Ex</span> <span class='ocrx_word' id='word_1_368' title='bbox 585 4583 656 4642; x_wconf 76' lang='lat' dir='ltr'>coa.</span> <span class='ocrx_word' id='word_1_369' title='bbox 670 4600 708 4656; x_wconf 84' lang='lat'>29</span> <span class='ocrx_word' id='word_1_370' title='bbox 722 4585 762 4658; x_wconf 81' lang='lat' dir='ltr'>b),</span> <span class='ocrx_word' id='word_1_371' title='bbox 777 4585 827 4642; x_wconf 90' lang='lat' dir='ltr'>fol.</span> <span class='ocrx_word' id='word_1_372' title='bbox 838 4597 873 4658; x_wconf 82' lang='lat'>74</span> <span class='ocrx_word' id='word_1_373' title='bbox 886 4583 972 4662; x_wconf 90' lang='lat'>(101).</span> 
     </span>
    </p>
   </div>
   <div class='ocr_carea' id='block_1_8' title="bbox 0 0 1804 5380">
    <p class='ocr_par' dir='ltr' id='par_1_8' title="bbox 0 0 1804 5380">
     <span class='ocr_line' id='line_1_44' title="bbox 0 0 1804 5380; baseline 0 0"><span class='ocrx_word' id='word_1_374' title='bbox 0 0 1804 5380; x_wconf 95' lang='lat' dir='ltr'> </span> 
     </span>
    </p>
   </div>
  </div>
 </body>
</html>
