3634 5396
405 473 473 568 654ι
870 473 974 528 Errsr.
994 470 1027 527 P.
1048 470 1160 527 Neon.

408 646 484 690 rum
500 624 682 712 exciperet.
702 626 801 712 Quae
817 646 872 692 res
887 646 957 692 non
976 644 1095 709 parum
1117 632 1170 690 est
1196 624 1338 691 molesta
1365 623 1497 703 rectori,
1526 645 1621 710 prae·

408 713 525 780 sertim
541 715 622 780 dum
638 715 723 781 alter
738 722 857 781 contra
871 712 1014 779 alterum
1031 733 1069 778 se
1085 710 1225 778 nimium
1243 722 1369 793 tuetur,
1388 725 1425 779 ut
1441 713 1541 779 etiam
1557 714 1619 779 tra-

410 813 479 871 tres
494 823 751 889 nonnumquam
767 801 929 880 maiorem
945 799 1034 868 inter
1048 800 1139 886 ipsos
1157 799 1316 868 unionem
1332 801 1534 869 desiderent.
1556 803 1619 870 sed

408 902 462 957 est
478 892 738 958 condonandum
754 889 881 976 aliquid
897 893 940 956 D.
960 889 1140 957 Theodoro
1152 892 1197 956 ob
1207 900 1362 958 naturam
1375 890 1448 956 eius
1459 889 1619 956 difficilio-

408 1001 492 1061 rem,
511 980 569 1064 qui
587 1001 704 1046 rursus
720 1003 740 1047 a
754 1001 809 1048 me
824 977 1022 1065 postulauit,
1042 988 1079 1043 ut
1099 977 1163 1044 sibi
1184 977 1285 1048 liceat
1304 990 1454 1065 tempore
1475 978 1619 1045 uacatio-

396 1089 490 1134 ·num
507 1069 543 1135 in
558 1068 700 1154 patriam
716 1067 896 1155 proficisci.
915 1066 1087 1153 Respondi
1103 1077 1156 1132 sat
1171 1087 1247 1136 esse
1264 1066 1423 1153 temporis
1438 1068 1482 1133 ad
1496 1065 1618 1134 delibe-

409 1158 563 1240 randum,
581 1157 664 1224 nihil
681 1178 773 1224 nunc
788 1155 892 1224 statui
907 1165 1074 1241 oportere.
1092 1155 1202 1223 Video
1223 1155 1287 1222 iter
1306 1155 1355 1221 illi
1374 1177 1448 1224 esse
1468 1156 1618 1243 longum,

410 1245 558 1310 fructum
585 1266 668 1314 uero
695 1247 870 1332 exiguum.
900 1246 1078 1311 Hactenus
1105 1263 1172 1310 non
1196 1266 1235 1311 se
1256 1245 1530 1330 cognoscendum
1554 1244 1620 1310 suis

410 1333 578 1418 praebuit,
600 1355 712 1419 neque
738 1335 849 1401 adhuc
870 1334 1031 1419 praebere
1055 1333 1141 1413 uult,
1164 1333 1255 1417 quod
1275 1332 1320 1400 sit
1341 1333 1443 1399 huius
1466 1332 1617 1400 instituti:

408 1443 496 1506 quae
512 1443 566 1489 res
582 1421 663 1488 mihi
679 1444 747 1488 non
765 1424 940 1509 probatur,
958 1442 1021 1487 nec
1037 1421 1202 1488 satisfacit
1218 1421 1330 1488 adhuc
1345 1421 1381 1486 in
1396 1421 1529 1504 litteris
1541 1443 1620 1506 quas

409 1511 452 1578 de
468 1508 664 1576 abdicandis
680 1510 777 1578 bonis
794 1509 1056 1578 conscribendas
1072 1509 1209 1594 quidem
1224 1510 1358 1576 curauit
1373 1531 1415 1577 ex
1433 1513 1472 1578 Ρ.
1496 1509 1619 1577 Natalis

408 1597 649 1681 admonitione;
667 1601 726 1666 sed
742 1610 874 1685 poterat
890 1598 1075 1684 simplicius
1095 1620 1133 1665 se
1152 1598 1244 1665 omni
1265 1598 1339 1666 iure
1359 1599 1524 1666 bonorum
1546 1620 1619 1666 suo-

388 1713 390 1716 ·
409 1708 484 1752 rum
502 1687 670 1768 abdicare,
689 1687 717 1753 si
733 1699 868 1755 nostros
884 1687 920 1754 in
935 1685 1120 1756 Germania
1142 1686 1301 1754 interiore
1320 1697 1555 1772 procuratores
1575 1687 1620 1754 ta-

407 1787 512 1844 ceret.
531 1778 659 1845 Verum
680 1778 867 1862 expectabo
888 1775 1091 1844 sententiam
1112 1777 1153 1843 R.
1182 1780 1221 1843 P.
1252 1777 1309 1857 T..
1339 1798 1382 1842 an
1408 1777 1500 1861 quod
1527 1797 1621 1862 saepe

409 1864 518 1950 petiit,
537 1867 601 1932 hoc
617 1865 682 1931 iter
697 1865 744 1931 illi
759 1866 793 1930 in
810 1866 952 1951 patriam
968 1865 1012 1930 sit
1028 1866 1297 1932 concedendum.
1321 1933 1330 1952 ‚

948 2088 1098 2154 XXXIX

685 2227 728 2286 Ρ.
760 2226 994 2310 portunus
1023 2229 1086 2282 na
1114 2225 1361 2285 Pouauco
1405 2241 1413 2260 ·

893 2361 930 2398 ex
944 2343 1150 2398 commissione

782 2481 887 2529 PATRI
913 2480 1038 2528 SIMONI
1064 2479 1271 2528 RODRIGUEZ

809 2595 949 2675 Romae,
969 2594 988 2658 8
1007 2591 1088 2677 Maji
1110 2593 1193 2675 1564
1210 2595 1231 2658 ¹.

526 2723 656 2779 Litterae
668 2726 930 2780 commendatitiae
944 2725 1071 2778 Antonii
1083 2725 1119 2778 de
1133 2723 1231 2794 Mora,
1246 2723 1366 2778 Natalis
1379 2726 1508 2797 nepotis.

478 2843 549 2907 Pax
565 2841 660 2926 Xpi.,
678 2851 745 2907 etc.
764 2843 832 2907 Los
848 2862 915 2924 que
930 2841 1045 2908 lieuan
1061 2841 1092 2907 la
1108 2851 1265 2924 presente
1287 2860 1348 2907 son
1363 2842 1395 2906 el
1412 2844 1451 2907 P.
1477 2839 1623 2909 Antonio

411 2931 539 3014 Leony
556 2928 707 2997 Antonio
723 2931 765 2995 de
783 2932 889 3009 Mora,
907 2929 1043 2996 sobrino
1056 2928 1110 2996 del
1124 2931 1164 2994 P.
1181 2932 1265 2996 M.r0
1282 2930 1394 3010 Natat,
1412 2930 1444 2996 el
1456 2931 1536 3014 qual
1550 2929 1623 2994 uino

410 3024 431 3082 a
444 3019 550 3084 Roma
566 3020 738 3104 pensando
753 3019 797 3084 de
812 3020 917 3104 poder
933 3015 1082 3086 estudiar
1097 3039 1162 3083 con
1179 3019 1211 3084 el
1228 3017 1324 3084 fauor
1339 3019 1381 3084 de
1396 3039 1437 3084 su
1454 3024 1514 3100 tto,
1528 3040 1550 3103 y
1562 3021 1622 3083 assi

412 3107 455 3172 N.
472 3107 512 3172 P.
532 3109 563 3175 le
579 3107 656 3173 hizo
669 3127 811 3192 recoger
826 3129 868 3174 en
885 3107 917 3174 ei
928 3105 1076 3192 collegio
1092 3106 1299 3192 germanico
1318 3109 1415 3173 hasta
1434 3127 1514 3191 que,
1532 3127 1623 3172 como

412 3204 583 3261 tornamos
598 3197 641 3261 de
657 3196 795 3277 Trent0,
814 3197 880 3281 yel
897 3197 936 3261 P.
952 3197 988 3262 M
993 3211 1037 3260 .r⁰
1053 3197 1154 3262 Natal
1168 3194 1223 3262 uid
1239 3216 1306 3280 que
1317 3218 1361 3262 no
1375 3201 1464 3262 tenta
1477 3194 1621 3264 enclina·

410 3281 482 3347 tien
494 3289 514 3348 a
526 3284 558 3348 la
570 3283 725 3368 relligion
738 3285 816 3370 (que
831 3295 904 3352 esto
920 3284 1186 3371 ingenuamente
1201 3283 1346 3369 siempre
1366 3286 1398 3350 ei
1412 3284 1446 3349 lo
1461 3284 1564 3368 dixo),
1581 3304 1623 3348 no

410 3371 443 3436 le
459 3371 592 3455 parccid
609 3394 675 3457 que
691 3377 858 3438 conuenta
875 3394 954 3457 para
970 3375 1000 3440 ei
1013 3374 1167 3459 exemplo
1179 3395 1201 3458 y
1214 3371 1405 3441 edification
1417 3373 1459 3439 de
1476 3375 1510 3440 la
1524 3374 1622 3439 Com-

412 3465 512 3544 pania
527 3482 595 3547 que
611 3483 648 3529 se
663 3460 851 3529 estubiesse
867 3467 946 3545 aqut
967 3472 1039 3530 este
1061 3461 1238 3541 mancebo,
1261 3482 1359 3528 como
1377 3481 1418 3528 su
1439 3461 1585 3540 sobrino¹
1602 3481 1622 3544 y

410 3552 459 3614 ast
477 3551 520 3614 ha
536 3550 669 3616 instado
686 3571 752 3634 que
768 3549 800 3617 le
815 3550 948 3616 embten
965 3571 1030 3616 con
1046 3551 1078 3615 la
1094 3549 1310 3617 benedictidn
1325 3551 1368 3618 de
1387 3549 1482 3617 Dios.
1507 3553 1580 3618 Aca
1593 3549 1621 3616 le

410 3639 597 3722 ayudamos
613 3661 694 3724 para
710 3639 742 3706 ei
757 3639 890 3705 camino
906 3659 970 3704 con
986 3639 1019 3704 lo
1035 3659 1102 3724 que
1121 3641 1238 3706 hemos
1258 3637 1391 3724 podido,
1408 3638 1446 3708 Si
1461 3641 1542 3726 algo
1556 3642 1623 3704 mas

411 3724 443 3791 le
460 3728 555 3795 tuere
569 3725 763 3796 necessario
776 3729 971 3807 realmente,
986 3729 1066 3794 sele
1078 3727 1182 3813 podra
1195 3736 1336 3812 premar,
1351 3749 1417 3812 que
1429 3729 1461 3794 lo
1473 3731 1623 3796 haremos

410 3819 473 3880 aea
488 3817 643 3883 buen0...
659 3815 703 3882 Di
720 3817 841 3896 Roma,
860 3816 883 3881 li
900 3817 919 3881 8
935 3817 970 3881 di
988 3815 1127 3903 Maggio
1148 3817 1243 3900 1564.

414 3951 625 3966 Μ

443 4029 473 4109 ᾖ
511 4029 708 4110 ErrRegesto,
724 4025 800 4082 Cod.
810 4028 908 4152 {W
922 4027 1058 4098 r01.387.
1079 4029 1113 4082 In
1130 4045 1177 4082 rna
1213 4027 1271 4082 ine:
1293 4027 1431 4084 Genaua.
1449 4029 1490 4084 P.
1509 4031 1621 4086 Simon.
1659 4083 1663 4094 ,

411 4095 487 4152 Vide
501 4107 591 4170 epist.
607 4098 670 4168 228,
683 4117 717 4154 n.
734 4109 777 4165 10;
792 4113 808 4153 2
828 4111 855 4169 2,
869 4117 900 4154 n.
919 4111 946 4168 73
960 4107 991 4154 et
1003 4099 1147 4172 append,
1160 4099 1187 4152 X
1216 4099 1313 4154 XVII.
