3634 5396
390 482 446 553 672
859 483 963 537 Ensr.
984 479 1017 532 Ρ.
1039 477 1153 536 Naum.

393 634 558 703 ecclesiae
576 623 755 702 uniuersae
775 636 866 702 de
845 633 931 714 viro,
960 641 1055 698 tanta
1081 631 1173 700 vitae
1198 631 1407 718 integritate,
1430 633 1618 718 grauitate,

394 723 574 810 prudentia
589 711 756 809 praedito,
770 722 990 809 prospiceret,
1005 719 1103 788 cuius
1115 742 1198 787 cura
1210 731 1245 788 et
1256 720 1433 823 diligentia
1444 722 1616 806 prouideri

391 812 498 897 possit
513 813 648 898 ecelesij
651 835 668 879 s
684 811 855 892 omnibus,
874 821 913 877 ut
929 833 972 878 ne
988 819 1127 877 careant
1146 809 1242 876 verbi
1262 809 1436 889 ministris,
1454 809 1526 895 qui,
1544 828 1616 880 non

389 900 499 1002 magis
520 837 687 982 doctriira,
709 901 835 990 [quam]
851 899 1005 984 exemplo
1026 897 1169 965 caeteris
1189 909 1362 984 praeeant,
1386 898 1522 983 quibus,
1545 921 1620 986 quo

390 989 500 1076 magis
515 991 601 1056 haec
622 1011 697 1056 mea
717 981 883 1058 diocaesis
909 985 981 1090 [sic]
997 985 1151 1072 indigere
1170 986 1321 1070 videtur,
1339 987 1434 1052 hoc
1424 989 1620 1073 impensius

389 1099 514 1144 munus
525 1081 644 1146 hocR
662 1081 701 1146 P.
714 1081 754 1146 V.
769 1079 918 1145 delatum
932 1075 978 1141 illr
991 1075 1156 1161 gratulor,
1171 1075 1253 1141 mihi
1269 1097 1351 1144 vero
1363 1076 1508 1162 gaudeo
1524 1079 1615 1144 Nam

388 1165 478 1233 illius
490 1188 593 1252 opera
607 1169 759 1234 ιιιιιιιιιιιι
772 1167 919 1245 confid0,
934 1173 971 1229 vt
979 1185 1042 1233 nec
1054 1163 1129 1248 alijs
1141 1164 1307 1249 ecclesijs,
1317 1185 1380 1231 nec
1393 1185 1490 1233 meae
1501 1165 1618 1234 desint

388 1255 507 1322 fideles
528 1257 686 1341 operarij,
709 1255 767 1341 qui
789 1216 968 1323 laborerit
958 1275 994 1318 m
1013 1253 1114 1321 vinea
1134 1251 1284 1334 Domini,
1306 1253 1433 1338 quique
1454 1255 1621 1340 frangant

388 1363 510 1428 panem
524 1345 686 1429 paruulis,
701 1354 736 1410 et
751 1343 801 1410 eis
816 1343 990 1410 doctrinae
1006 1340 1164 1408 salutaris
1179 1341 1315 1408 cibum'
1306 1342 1512 1428 rmpartiant,
1527 1363 1617 1428 quo-

388 1453 464 1497 rum
482 1433 573 1534 apud
589 1455 652 1498 nos
668 1433 790 1520 ingens
807 1443 859 1500 est
875 1429 1028 1517 penuria,
1043 1431 1217 1515 qualem'
1191 1453 1219 1497 sr
1231 1452 1337 1497 vnum
1349 1430 1495 1515 aliquem
1507 1433 1619 1502 habe-

388 1541 473 1600 rem,
492 1520 630 1587 minime
645 1522 749 1587 dubia
764 1543 826 1606 spe
846 1522 969 1600 forem,
992 1530 1171 1586 reuocatos
1191 1518 1232 1585 iri
1253 1521 1377 1586 multos
1392 1520 1436 1586 ad
1459 1541 1617 1607 euange-

388 1571 473 1674 liuni
493 1609 633 1690 Christi,
656 1611 714 1696 qui
734 1620 816 1676 sunt
842 1609 877 1675 in
905 1607 1010 1690 aliud,
1032 1607 1122 1674 sicut
1148 1605 1212 1694 ipsi
1237 1608 1368 1688 dicunt,
1386 1610 1619 1695 Euangelium

389 1697 553 1763 translati.

455 1787 526 1855 Sed
542 1785 702 1853 omnibus
722 1786 766 1854 de
793 1787 907 1865 rebuS,
930 1787 974 1851 ad
1002 1785 1285 1872 Brunsbergense
1305 1783 1486 1872 collegium
1507 1786 1597 1872 perti
1599 1827 1616 1837 -

392 1873 567 1955 uentibus,
586 1875 724 1942 vberius
740 1875 922 1941 informare
938 1873 1062 1960 poterit
1078 1875 1119 1940 R.
1138 1876 1182 1941 D.
1201 1875 1244 1940 V.
1264 1875 1383 1940 Ill.m¹¹⁸
1402 1885 1437 1942 et
1450 1877 1535 1941 Rev.
1552 1877 1618 1943 do-

392 1961 507 2029 minus
522 1985 620 2030 meus
631 1967 781 2051 Joannes
797 1962 999 2030 Franciscus
1016 1963 1304 2040 Commendonus,
1323 1962 1381 2047 qui
1397 1984 1622 2049 magnacum

392 2051 494 2119 laude
510 2051 564 2117 sui
581 2051 727 2118 nominis
742 2053 893 2136 legatum
910 2052 1001 2137 apud
1017 2073 1079 2118 nos
1092 2051 1164 2137 egit
1175 2051 1408 2137 apostolicum,
1423 2051 1522 2119 cuius
1534 2074 1621 2121 curn

392 2139 501 2206 oculis
518 2140 630 2206 omnia
642 2141 795 2207 subiecta
813 2139 951 2218 fuerint,
969 2139 1093 2224 quibus
1109 2142 1212 2206 rebus
1225 2161 1313 2226 opus
1324 2143 1465 2208 habeam
1480 2142 1524 2207 ad
1542 2144 1617 2208 fru-

390 2238 484 2294 ctum
502 2229 724 2314 copiosiorem
741 2189 1032 2332 consequentium,
1050 2229 1091 2295 R.
1110 2232 1154 2295 D
1174 2231 1233 2309 V.,
1251 2228 1388 2295 simul
1368 2240 1404 2294 ιι
1424 2229 1538 2296 isthuc
1554 2253 1617 2300 ve-

391 2316 492 2397 nerit,
511 2339 650 2386 narrare
661 2318 795 2404 poterit
812 2318 945 2385 Interea
956 2339 1011 2385 me
1018 2327 1197 2402 totamque
1208 2317 1389 2384 diocaesrm
1403 2317 1474 2406 [sic]
1486 2341 1620 2401 meatu,

392 2405 474 2490 quin
491 2416 526 2471 et
543 2427 687 2492 regnum
705 2406 915 2484 uniuersum,
934 2407 1025 2491 quod
1040 2427 1167 2492 magno
1182 2417 1338 2476 versatur
1353 2406 1386 2472 in
1403 2407 1618 2490 discrimine,

389 2493 516 2560 sanctis
533 2505 672 2562 sanctae
688 2494 869 2563 Societatis
890 2455 1067 2580 praecibus
1089 2495 1160 2597 [sic]
1181 2505 1216 2563 et
1236 2495 1409 2580 sacrificijs
1429 2495 1619 2584 diligenter

388 2583 604 2649 commendo.
627 2585 754 2651 Datum
768 2605 810 2652 ex
821 2593 933 2649 castro
945 2593 1063 2649 nostro
1076 2583 1271 2670 Heilsberg,
1286 2583 1397 2652 die—‘
1412 2587 1622 2654 Decembris

388 2671 433 2738 A.
453 2673 500 2738 D.
526 2693 562 2738 ιι.
583 2694 618 2740 n
638 2693 720 2739 exv.
740 2671 882 2738 Frater
873 2693 908 2736 m
926 2672 1077 2752 Christo

674 2760 927 2847 [Smursmus
946 2779 1162 2829 CARDINALIS
1186 2760 1428 2850 vnnursusrsl.

455 2848 640 2934 Inscriptio
660 2851 698 2915 in
720 2855 845 2934 quarta
860 2850 1009 2934 pagina:
1030 2851 1127 2916 R-mo.
1150 2851 1298 2930 domino,
1320 2853 1347 2917 F
1349 2849 1502 2916 rancisco
1522 2853 1615 2919 Bor-

388 2935 457 3022 gia,
472 2937 622 3022 generali
636 2937 828 3022 praeposito
840 2937 1124 3025 SocietatisJesu,
1139 2950 1205 3006 etc.
1220 2901 1337 3005 tratii
1329 2961 1364 3005 ιιι
1377 2937 1515 3006 Christo
1526 2943 1616 3009 cha—

386 3047 520 3091 rrssrmo
533 3037 568 3094 et
581 3027 788 3093 honorando
809 3027 890 3092 Alia
905 3049 1024 3092 manu
1037 3029 1077 3094 C
1097 3028 1192 3113 5651.
1208 3027 1403 3114 Heilsberg.
1418 3029 1497 3096 Car
1502 3029 1511 3082 1
1529 3051 1617 3097 var·

960 3374 1037 3441 LVI

722 3523 1053 3582 STANISLAUS
1081 3524 1272 3585 HOSIUS

827 3648 982 3705 cardinalis
992 3651 1166 3706 varmIensis

631 3794 782 3841 PATRI
819 3794 1005 3857 JOANNI
1042 3797 1101 3843 DE
1135 3797 1362 3849 POLANCO

680 3915 925 4004 Heilsbergae,
954 3918 1145 3988 Decembre
1176 3921 1257 4006 1565
1286 3923 1311 3989 ².

425 4059 512 4113 Dolet
525 4057 715 4114 calamitates
730 4060 890 4114 Poloaiae:
904 4061 1086 4130 operariose
1100 4061 1244 4118 Societate
1256 4064 1331 4121 illuc
1343 4069 1426 4124 mitti
1437 4075 1574 4142 exoptat.

453 4185 537 4252 Rde.
559 4183 689 4252 Pater
680 4206 715 4249 ιιι
737 4185 885 4264 Christo,
910 4184 1008 4252 nobis
1032 4186 1227 4256 charissime
1242 4199 1276 4255 et
1295 4193 1509 4262 honorande.
1536 4200 1616 4267 Lit-

387 4284 479 4341 terae
491 4271 892 4342 DominationisVestrae
905 4275 1049 4340 multum
1061 4286 1259 4360 expectatae
1272 4280 1378 4360 fuere,
1388 4283 1469 4350 mihi
1483 4289 1615 4362 gratis-

385 4361 503 4429 simae·
496 4362 589 4446 ,jam
605 4361 694 4429 enim
711 4362 830 4430 deesse
846 4363 913 4430 mei
934 4365 1128 4431 memoriam
1145 4331 1390 4450 existimabarri,
1413 4382 1449 4438 et
1469 4374 1619 4462 pigebat

439 4574 677 4630 'Desideratur
690 4573 764 4642 dies,
774 4593 835 4702 gua
847 4575 915 4631 data
925 4584 970 4631 est
983 4576 1117 4647 epIstola.

437 4651 448 4681 ⁹
485 4647 529 4701 Ex
542 4648 714 4719 archetypo,
727 4646 756 4701 in
797 4648 847 4702 od.
868 4647 913 4718 38,
926 4647 1034 4720 duplici
1048 4647 1112 4720 fol,
1129 4649 1179 4706 130
1191 4655 1278 4721 (207).
