3526 5380
668 377 818 447 9Mn1tr11
838 374 906 447 1563
1339 375 1389 431 231

190 526 367 594 conformes
380 549 426 594 en
441 528 565 596 escluir
583 530 615 596 el
630 528 843 596 matrimonio
857 530 901 597 de
916 529 967 596 los
981 529 1125 596 ordenes
1140 548 1264 594 sacros.
1284 529 1391 596 Estttn

190 643 276 708 todos
289 663 353 708 oon
368 646 494 710 mucha
513 642 731 730 expectacidn
751 644 807 710 del
822 643 944 730 legado
963 665 1030 728 que
1049 645 1094 710 ha
1114 643 1157 712 de
1176 644 1338 710 succeder
1357 645 1390 710 al

188 757 317 822 defunto
336 757 358 837 ¹,
377 777 446 843 que
461 756 544 826 Dios
563 781 639 844 aya,
656 780 724 844 que
743 780 811 826 aun
831 781 876 825 no
899 780 936 826 se
955 759 1036 826 sabe
1055 759 1146 826 nada
1171 759 1279 825 desto.
1298 758 1336 826 Si
1351 779 1391 826 se

187 870 315 954 podiese
330 872 449 959 capiar
460 894 528 940 una
539 875 624 940 letra
634 875 749 942 donde
760 895 797 941 se
809 873 919 942 scriue
930 873 962 940 el
973 872 1155 960 particular
1170 873 1214 940 de
1227 873 1259 939 la
1274 894 1388 942 muer-

186 995 218 1053 te
231 987 282 1054 del
296 986 397 1054 dicho
411 989 581 1070 cardenal,
598 1011 636 1058 se
655 989 803 1057 embiara
819 1010 885 1056 con
905 1004 977 1058 esta
998 990 1023 1056 ¹.
1047 990 1093 1055 Es
1116 999 1285 1056 menester
1304 990 1392 1060 sele

186 1100 282 1185 digan
293 1104 342 1170 las
353 1102 475 1172 missas
486 1127 508 1191 y
521 1105 703 1185 orationes
718 1126 818 1172 como
830 1126 891 1192 por
903 1106 953 1171 los
966 1104 1171 1171 fundadores
1181 1103 1351 1184 defuntos3
1366 1126 1389 1190 y

186 1221 231 1282 asi
260 1239 302 1283 no
328 1240 382 1286 me
402 1221 556 1306 alargare
575 1226 648 1287 mas
668 1243 711 1287 en
732 1229 815 1288 esta.
838 1222 882 1288 N.
902 1223 941 1286 P.
964 1242 987 1304 y
1007 1220 1059 1284 los
1075 1219 1191 1287 demas
1211 1217 1311 1284 todos
1326 1238 1392 1283 nos

184 1335 459 1402 enoomendamos
474 1338 597 1418 mucho
612 1357 654 1402 en
671 1335 721 1402 las
736 1334 905 1402 orationes
915 1357 938 1420 y
950 1332 1133 1401 sacrificios
1145 1335 1187 1401 de
1199 1334 1243 1399 V.
1257 1334 1315 1414 R.,
1332 1354 1387 1399 sa-

182 1446 324 1513 ludando
339 1449 372 1514 al
388 1451 428 1516 P.
448 1448 629 1517 Valentino
645 1452 656 1483 ⁵
674 1473 696 1536 y
712 1452 810 1516 todos
825 1451 876 1516 los
896 1450 953 1518 del
967 1447 1114 1535 collegio
1133 1449 1176 1516 de
1192 1447 1338 1527 Vienna,
1359 1446 1389 1513 si

182 1583 224 1628 en
239 1562 269 1626 ei
284 1561 446 1632 reciuiere
460 1565 503 1630 V.
523 1565 563 1632 R.
582 1566 614 1632 la
628 1575 796 1651 presente.
815 1567 868 1632 De
884 1567 1024 1645 Trento,
1046 1585 1068 1650 9
1088 1564 1131 1629 de
1154 1567 1269 1630 Marzo
1291 1563 1386 1646 1563.

737 1884 830 1946 ΞΜ)

507 2037 547 2102 Ρ.
573 2037 880 2104 HIERONYMUS
901 2035 1064 2102 NADAL

551 2205 669 2258 paror
688 2201 842 2274 Jnoooo
861 2203 1006 2258 Lnlnsz

539 2358 731 2418 osmonte,
749 2363 768 2418 9
785 2359 894 2402 nessa
913 2342 981 2413 1563
999 2347 1024 2400 ⁴.

210 2489 255 2544 De
268 2489 423 2560 colloquiis
434 2506 502 2545 cum
515 2491 696 2562 imperatore
705 2507 724 2544 a
738 2489 845 2544 Natali
856 2489 974 2544 habitis.
983 2489 1030 2544 De
1036 2488 1223 2560 fundatione
1232 2489 1352 2561 collegii

645 2579 849 2652 oenipontaai,
863 2581 916 2632 etc.

237 2722 341 2786 Hanc
356 2723 528 2807 apostolam
544 2743 613 2786 non
629 2722 800 2788 habemuS.
819 2723 887 2788 Res
907 2727 1018 2787 autem
1034 2721 1148 2786 inilia
1159 2727 1389 2807 pertractatae

176 2841 225 2900 sat
239 2841 354 2920 aperte
370 2837 406 2901 in
422 2835 563 2922 epistola
578 2840 643 2919 263
659 2837 869 2902 indicantur.
888 2838 982 2902 Haec
998 2837 1044 2902 ibi
1063 2838 1155 2902 inter
1174 2838 1257 2902 alia:
1279 2838 1386 2902 «Res-

176 2953 259 3016 cira'd
275 2953 323 3017 N.
343 2953 384 3018 P.
402 2952 454 3018 las
470 2952 510 3017 de
532 2953 569 3019 V.
585 2953 628 3018 R.
643 2953 767 3038 deode
782 2953 901 3034 Marco
916 2973 958 3018 ea
973 2957 1147 3040 respuesta
1162 2954 1202 3018 de
1217 2954 1269 3017 las
1284 2973 1389 3038 srcyas

176 3066 213 3130 de
227 3069 271 3132 26
286 3067 340 3132 del
349 3067 534 3153 passadoy
550 3085 571 3132 2
586 3067 638 3132 aaz
648 3073 845 3152 presente...
867 3068 961 3133 Hace
980 3067 1158 3133 entcndido
1178 3069 1213 3132 la
1226 3069 1387 3151 primaru

171 3181 294 3264 platea
309 3182 415 3269 targa
431 3203 494 3268 que
517 3183 552 3247 V.
572 3183 616 3248 R.
630 3184 733 3266 passo
747 3203 812 3247 con
827 3183 857 3248 el
871 3183 1133 3268 emperador...»
1152 3188 1211 3248 ate.
1233 3183 1314 3248 Vide
1328 3203 1386 3247 re-

176 3430 259 3500 epist.
278 3427 343 3502 2⁶3,
357 3447 390 3486 n.
410 3443 453 3502 10,
466 3430 517 3485 ubi
529 3437 645 3486 constat
657 3431 858 3502 theologorum
871 3431 1090 3488 dissertationes
1103 3431 1140 3486 de
1159 3433 1212 3486 hac
1225 3449 1256 3485 re
1270 3430 1388 3500 longius

175 3518 327 3586 productas
340 3517 446 3574 inisse.

224 3611 232 3640 ¹
269 3605 419 3663 Cardinaii
433 3605 547 3662 scilicet
564 3616 732 3662 mantuano.

220 3699 232 3730 ²
269 3697 355 3750 Hanc
367 3696 520 3766 epistolam
529 3695 567 3750 de
577 3704 670 3751 morte
681 3695 835 3752 cardinalis
846 3697 994 3752 mantuani
1003 3697 1095 3751 habes
1105 3695 1135 3750 in
1145 3695 1279 3767 append„
1293 3695 1346 3752 Xl.

220 3787 232 3818 ⁵
267 3785 306 3838 P.
328 3783 502 3838 Valentinus
519 3784 598 3854 Voyt
615 3782 650 3852 (i)
667 3784 778 3856 dequo
796 3785 868 3840 haec
885 3783 1039 3854 Serimon,
1058 3785 1196 3838 Historia
1209 3785 1389 3856 provinciae

173 3871 341 3936 Bohemiae‚
355 3871 410 3927 lib.
428 3873 467 3943 ΙΙ,
481 3889 514 3928 n.
534 3871 592 3927 183:
607 3873 693 3929 «Fuit
705 3875 745 3930 P.
770 3873 955 3938 Valentinus,
967 3873 1062 3928 Domo
1072 3873 1272 3946 Progensis...
1286 3872 1316 3928 in
1328 3871 1384 3926 So-

172 3959 307 4018 cietetem
320 3977 337 4015 a
351 3961 384 4016 S.
403 3961 443 4017 P.
460 3961 501 4016 N.
519 3961 640 4035 [gnatia
654 3963 694 4017 Α.
712 3963 749 4019 C.
770 3962 847 4032 1553,
861 3970 892 4017 et
902 3962 1019 4034 quidem
1033 3979 1049 4016 e
1062 3963 1202 4016 Bohemis
1218 3960 1327 4033 primus
1340 3976 1384 4014 re·

172 4058 307 4120 ceptus.»
325 4049 360 4104 In
378 4051 512 4121 catalogo
523 4059 621 4105 autem
641 4051 782 4122 aquodam
799 4051 908 4106 Romae
927 4053 982 4106 sub
1008 4065 1019 4105 1
1039 4049 1213 4106 Decembris
1234 4062 1299 4118 1557
1316 4065 1384 4103 con·

172 4137 276 4210 scripto
293 4145 325 4193 et
341 4156 359 4194 e
377 4139 416 4194 P.
439 4139 571 4194 Polanco
587 4139 739 4210 recognito
759 4139 875 4196 dicitur:
892 4139 1064 4195 Valentinus
1077 4139 1215 4194 uilaticus
1227 4139 1386 4208 Pragensis

172 4239 258 4282 annas
270 4235 359 4284 natus
373 4239 404 4282 21
419 4227 569 4299 ingressus
582 4236 627 4284 est
640 4227 817 4284 Societatem
829 4242 913 4298 1555»
924 4230 1189 4297 Bononsossnonn,
1200 4229 1254 4282 loc.
1266 4227 1314 4282 cit.
1327 4227 1383 4297 ΙΙΙ,

171 4309 233 4381 358.
257 4315 420 4372 Subitanea
441 4325 533 4372 morte
555 4325 704 4389 correptus
726 4327 772 4373 est
792 4319 904 4390 Pregae
925 4333 1000 4373 anno
1025 4317 1105 4387 1564.
1132 4315 1207 4371 Vide
1229 4314 1384 4387 Somno,

172 4401 225 4458 loc.
238 4405 309 4476 cit.,
320 4423 350 4461 n.
365 4404 423 4461 182.
439 4405 525 4478 Apud
539 4407 786 4478 Sonsnvoosn,
802 4408 855 4462 Les
858 4408 984 4479 jesuites
996 4411 1032 4464 de
1044 4409 1182 4472 Rome...‚
1196 4406 1272 4462 inter
1285 4406 1382 4478 physi-

169 4505 218 4546 cos
229 4493 310 4550 tertii
323 4493 403 4562 enni,
416 4494 446 4550 in
458 4493 545 4550 tertia
557 4495 672 4566 pagine,
685 4497 819 4551 columna
834 4495 879 4550 1.'
890 4495 1015 4567 catalogi
1027 4495 1139 4550 romani
1150 4503 1334 4553 recensetur.

220 4583 232 4616 ⁸
265 4583 310 4638 Ex
324 4583 448 4655 epistota
461 4581 535 4639 infra
547 4585 602 4639 sub
615 4602 647 4641 n.
666 4583 718 4640 263
730 4585 836 4657 posita,
851 4583 926 4641 Cod.
945 4599 977 4656 33
990 4587 1028 4657 a),
1043 4585 1076 4641 ff.
1095 4597 1225 4654 252·254.
