3544 5390
390 513 442 570 552
846 503 952 558 Emsr.
976 504 1012 558 P.
1038 501 1153 560 Nabar.

385 653 542 721 conferre
558 654 602 720 ad
617 651 812 720 institutum
828 653 1023 734 SocietatiS,
1040 665 1075 720 et
1093 653 1140 720 ita
1160 674 1237 721 cum
1259 651 1392 722 viderer
1414 653 1495 719 mihi
1510 655 1592 738 quasi

385 743 480 808 solus
495 741 624 810 versari
640 741 674 806 in
695 763 736 809 ea
755 753 840 822 arte,
858 742 901 808 in¹
915 763 981 828 qua
1004 764 1125 811 reuera
1149 764 1225 811 meo
1249 742 1374 808 iudicio
1397 754 1478 810 sunt
1501 744 1593 810 multa

385 851 474 896 vana
489 841 523 896 et
540 829 685 909 inutilia,
705 831 836 898 ferebar
852 831 1021 899 desiderio
1038 833 1183 915 quodam
1205 833 1247 897 ad
1264 831 1378 898 studia
1397 831 1589 912 communia,

386 919 552 1004 neglectis
579 917 836 987 mathematicis.
868 921 968 988 Unde
995 919 1122 986 factum
1146 931 1211 998 est,
1236 930 1274 986 ut
1299 921 1494 998 multorum,
1517 941 1591 1004 quae

385 1018 487 1076 antea
507 1007 672 1090 sciebam,
698 1007 817 1074 luerim
844 1008 956 1093 aliqua
979 1030 1021 1076 ex
1042 1009 1137 1094 part'e
1157 1008 1294 1076 oblitus.
1322 1011 1452 1076 Tamen
1473 1009 1500 1074 si
1519 1011 1590 1076 obe-

384 1095 534 1162 dientiae
550 1095 596 1163 ita
612 1096 788 1181 placuerit,
806 1096 880 1162 sine
897 1098 964 1163 ulla
975 1096 1078 1162 animi
1092 1097 1383 1184 tergiversatione,
1398 1119 1475 1164 cum
1487 1097 1590 1164 diuina

357 1215 365 1232 ·
385 1185 509 1271 gratia,
528 1186 615 1250 dabo
632 1187 772 1270 posthac
789 1187 895 1251 multo
910 1186 1108 1274 diligentius
1128 1207 1264 1272 operam
1286 1185 1529 1254 mathematicis
1543 1187 1588 1252 vel

385 1273 648 1358 quibuscunque
664 1273 737 1357 alijs
753 1275 886 1359 studijs,
905 1285 941 1340 vt
957 1274 1112 1359 superius
1127 1275 1209 1354 dixi,
1227 1286 1262 1340 et
1273 1277 1497 1359 perseuerabo
1508 1271 1592 1340 ineis

385 1373 577 1428 contentus.
597 1359 648 1449 [11‚
668 1381 732 1450 339
748 1361 806 1441 bis,
827 1363 902 1450 340]

460 1469 487 1516 1.
537 1451 712 1519 Llamome
731 1452 869 1536 Gaspar
884 1451 938 1516 del
954 1451 1080 1516 Plano.
1105 1470 1139 1516 2.
1164 1453 1233 1535 Soy
1250 1454 1291 1518 de
1309 1470 1352 1536 34
1367 1461 1452 1521 ahos
1468 1475 1489 1536 y
1508 1449 1592 1516 cinco

389 1559 499 1607 meses
519 1541 562 1604 de
590 1540 691 1605 edad.
720 1558 754 1622 3.
783 1541 853 1626 Soy
874 1540 929 1606 del
949 1540 1083 1604 ducado
1102 1541 1145 1605 de
1168 1541 1338 1608 Brabante
1362 1562 1404 1606 en
1430 1540 1589 1606 Flandres:

386 1632 480 1694 nasci
497 1629 560 1692 dos
575 1628 695 1713 leguas
711 1629 754 1694 de
769 1630 942 1696 Emberes.
952 1680 972 1693 ..
997 1646 1050 1694 10.
1075 1631 1128 1694 Yo
1143 1629 1247 1694 desde
1259 1631 1446 1694 mochacho
1458 1627 1587 1704 estudie,

387 1717 513 1800 yalos
542 1717 578 1781 18
600 1725 684 1782 ahos
704 1717 782 1784 vine
807 1723 827 1782 a
849 1719 982 1803 Espaha
1002 1737 1068 1784 con
1092 1739 1138 1782 vn
1166 1718 1334 1785 cauallero
1360 1717 1548 1794 castellam,
1574 1738 1592 1800 y

387 1807 534 1888 algunos
551 1813 634 1870 ahos
649 1806 681 1870 le
697 1811 786 1872 serui
803 1827 846 1874 en
862 1807 894 1871 la
910 1816 1003 1871 corte
1018 1828 1041 1890 y
1058 1806 1153 1873 fuera
1169 1805 1268 1873 della:
1293 1808 1439 1890 despues
1460 1803 1591 1872 membib

387 1893 636 1973 aSalamanca,
654 1894 766 1960 donde
786 1899 882 1960 entre
902 1917 945 1962 en
967 1895 999 1960 la
1019 1894 1249 1979 Compahla...
1278 1913 1330 1976 14.
1358 1893 1546 1978 Recibibme
1565 1891 1591 1960 el

389 1983 433 2048 P.
458 1984 650 2064 Bartolome,
668 1983 884 2062 Hernandez,
902 1993 1016 2049 rector
1031 1983 1085 2048 del
1102 1981 1246 2068 collegio
1261 1983 1304 2050 de
1325 1984 1531 2063 Salamanca,
1554 2001 1590 2048 en

387 2071 629 2138 Salamanca...
654 2072 707 2136 16.
733 2073 827 2138 Aura
844 2092 910 2154 que
926 2075 1024 2138 entre
1039 2091 1081 2137 en
1098 2073 1130 2136 la
1146 2072 1333 2156 Companla
1348 2091 1370 2154 4
1390 2081 1473 2138 ahos
1492 2093 1513 2157 y
1532 2068 1590 2136 cesi

390 2169 459 2224 tres
475 2181 625 2225 theses...
645 2177 702 2224 22.
726 2162 817 2244 Aqui
834 2183 878 2227 66
894 2159 1055 2225 Coimbra
1068 2161 1181 2227 recebl
1199 2161 1295 2226 rodas
1311 2161 1361 2227 las
1382 2162 1522 2228 ordenes
1541 2179 1592 2243 por

387 2247 543 2314 diuersas
559 2269 673 2313 vezes.
699 2265 755 2332 23.
780 2251 832 2316 Yo
850 2250 909 2332 luy
930 2247 1079 2314 recibido
1098 2271 1140 2314 en
1169 2250 1381 2327 Salamanca,
1410 2271 1432 2333 y
1458 2271 1501 2314 en
1526 2267 1592 2312 aea·

389 2338 503 2401 bando
524 2337 565 2401 de
587 2338 688 2404 hazer
708 2338 759 2402 los
780 2336 975 2414 6166616106,
995 2359 1049 2404 me
1066 2337 1238 2405 embiaron
1255 2344 1274 2402 a
1290 2337 1477 2416 Simancas,
1495 2335 1594 2401 donde

389 2425 526 2490 anduue
544 2447 586 2490 en
603 2424 731 2492 officios
747 2427 790 2493 de
805 2447 883 2491 casa
899 2426 930 2490 el
948 2425 1072 2510 tiempo
1088 2448 1155 2510 que
1171 2427 1236 2492 alla
1251 2438 1382 2492 estuve:
1404 2426 1448 2491 de
1468 2447 1507 2509 ay
1528 2423 1594 2488 vine

390 2533 471 2598 para
488 2511 658 2592 Coimbra,
677 2515 789 2581 donde
805 2517 848 2580 he
867 2515 1040 2581 ensehado
1060 2514 1206 2600 siempre
1226 2515 1442 2583 en'diuersas
1463 2515 1589 2598 classes.

404 2603 443 2681 11,
464 2620 483 2683 3
509 2611 567 2684 5-3
594 2599 624 2682 7¹

389 2601 400 2688 i
462 2623 506 2754 ri)
548 2623 658 2755 Virdor
679 2691 851 2776 Georgius
870 2691 1028 2778 Crispum
1054 2707 1087 2756 2.
1112 2693 1233 2756 Annos
1249 2701 1361 2769 natus,
1381 2701 1418 2756 ut
1435 2701 1525 2774 puto,
1539 2687 1588 2754 26.

391 2799 426 2862 3.
451 2778 597 2845 Natione
614 2800 808 2862 germanus,
832 2778 1005 2863 provincia
1026 2780 1206 2864 palatinus
1236 2782 1302 2858 vel,
1332 2791 1369 2844 ut
1397 2779 1451 2844 alii
1475 2778 1592 2852 volunt,

267 2854 273 2870 ⁸
303 2927 306 2936 ,
391 2867 557 2947 66115665,
577 2867 685 2952 patria
702 2867 1023 2935 thricerreitensis...
1052 2886 1104 2933 12.
1134 2870 1194 2934 Est
1210 2868 1279 2951 jam
1302 2889 1411 2934 annus
1432 2867 1593 2952 septimus,

392 2955 450 3039 qui
467 2955 690 3040 complebitur
706 2955 794 3022 intra
810 2978 978 3024 mensem.
1002 2958 1173 3042 Receptus
1189 2977 1264 3023 sum
1280 2979 1300 3021 a
1316 2958 1403 3022 Rev.
1430 2959 1525 3022 Patre
1538 2955 1594 3019 La-

392 3065 482 3128 noyo
504 3043 538 3108 in
563 3039 756 3109 Austria'in
778 3045 922 3130 collegio
946 3045 1135 3124 viennensi,
1164 3055 1199 3110 et
1226 3047 1268 3110 ab
1295 3047 1414 3111 eodem
1439 3042 1595 3110 examina-

393 3145 489 3198 tus...
526 3150 578 3213 14.
615 3133 698 3199 Sum
726 3132 905 3199 diaconus.
942 3150 995 3216 15.
1027 3133 1090 3200 Fui
1114 3133 1148 3198 in
1172 3133 1316 3220 collegio
1340 3132 1511 3201 viennensi
1538 3145 1597 3194 tres

392 3225 501 3288 annos
519 3242 594 3285 cum
612 3219 761 3302 dimidio;
781 3222 814 3286 in
831 3225 896 3287 hoc
913 3221 1035 3289 iterum
1054 3233 1122 3288 tres
1137 3241 1214 3300 6616
1227 3221 1406 3288 dimidiu...
1431 3240 1481 3304 17.
1506 3223 1596 3286 Prae-

395 3305 442 3374 lui
465 3308 603 3393 privatis
624 3309 751 3375 nostris
770 3311 955 3395 discipulis,
978 3332 1063 3394 quos
1092 3311 1182 3377 domi
1209 3312 1386 3390 habemus,
1416 3308 1591 3378 biennium.

399 3400 452 3464 18.
477 3399 599 3464 Habeo
615 3410 693 3464 vota
710 3399 903 3466 Societatis.
935 3397 1059 3500 [Mag]
1085 3419 1115 3465 1.
1144 3402 1296 3465 Fuerunt
1313 3400 1355 3465 ad
1377 3401 1497 3466 festum
1518 3399 1598 3463 Pen-

394 3490 566 3554 thecostes
583 3496 651 3553 tres
668 3486 759 3568 anni,
778 3511 819 3556 ex
836 3509 905 3571 quo
919 3489 1035 3574 legere
1051 3510 1086 3553 1n
1106 3487 1231 3554 scholis
1251 3488 1361 3572 coepi.
1390 3487 1473 3574 Legi
1493 3505 1598 3551 omnes

395 3588 507 3662 partes
524 3575 777 3658 grammaticae,
795 3576 995 3642 rhetoricam
1013 3578 1055 3642 ad
1072 3577 1295 3658 Herennium,
1313 3577 1419 3642 libros
1435 3577 1475 3642 de
1496 3585 1595 3639 orato-

395 3687 443 3743 re,
463 3666 504 3729 ad
523 3664 690 3748 Quintum
708 3666 856 3744 fratrem,
880 3665 1085 3732 Partitiones
1105 3665 1279 3744 oratorias,
1298 3685 1375 3730 cum
1392 3665 1515 3748 aliquot
1533 3681 1597 3727 ora·

394 3753 544 3818 tionibus
561 3752 747 3832 Ciceronis,
766 3755 927 3822 Sallustio
940 3765 974 3820 et
987 3754 1125 3830 Ovidi0,
1139 3755 1248 3821 donec
1260 3753 1319 3832 illi,
1333 3775 1419 3837 quos
1431 3751 1596 3818 instituen-

393 3844 456 3906 dos
473 3862 701 3926 susceperam,
720 3845 784 3906 hac
799 3854 927 3908 aestate
943 3845 986 3908 ad
1003 3842 1173 3927 publicum
1190 3841 1340 3907 studium
1362 3853 1442 3908 sunt
1461 3836 1591 3905 dimissi.

396 3931 493 4015 Lego
510 3931 575 3995 iam
592 3929 625 3994 in
649 3927 697 3994 1.Ιι
713 3932 820 3996 classe
836 3931 1012 4000 Somnium
1029 3930 1211 4016 Scipionis.
1239 3932 1290 4016 [ll,
1308 3930 1469 4018 463-465]

468 4037 497 4084 1.
555 4019 728 4104 Georgius
746 4021 950 4105 Peraxylus
975 4039 1009 4086 2.
1038 4039 1080 4086 22
1101 4041 1281 4085 annorum.
1312 4039 1345 4103 3.
1374 4019 1508 4086 Inferior
1528 4035 1598 4100 ger-

376 4129 529 4186 manus,
547 4106 782 4187 brabantinus,
800 4109 1097 4174 busciducensis...
1123 4127 1175 4174 12.
1199 4109 1289 4175 Sunt
1305 4124 1323 4190 5
1340 4107 1420 4173 anni
1433 4118 1488 4174 aut
1499 4106 1529 4178 6,
1543 4113 1600 4170 eta

397 4197 438 4261 R.
459 4199 500 4261 Ρ.
526 4197 703 4262 Leonardo
719 4219 793 4262 sum
810 4208 965 4280 receptus
978 4196 1181 4264 Coloniae...
1203 4216 1252 4278 14.
1268 4197 1345 4262 Non
1358 4217 1431 4262 sum
1445 4193 1599 4266 sacerdos

395 4305 460 4350 nec
480 4285 583 4349 ullum
605 4285 872 4352 ecclesiasticum
893 4287 1003 4353 habeo
1023 4286 1191 4351 ordinem.
1224 4302 1277 4368 15.
1306 4287 1343 4350 ln
1364 4283 1504 4368 collegio
1523 4279 1602 4346 colo·

396 4372 508 4440 niensi
526 4388 543 4456 5
562 4395 681 4452 annos,
701 4374 899 4455 lngolstadii
921 4394 942 4455 4
966 4395 1111 4455 menseS,
1135 4374 1288 4441 Viennae
1309 4372 1357 4438 lui
1382 4392 1421 4461 19
1440 4372 1519 4444 dies.
1543 4369 1602 4465 Rq·

396 4483 473 4527 mae
490 4481 508 4526 2
527 4483 648 4527 annos.
675 4461 776 4548 [Sclal
798 4483 828 4528 1.
848 4465 905 4530 Ab
916 4463 1055 4531 ineunte
1071 4473 1183 4532 aetate
1195 4461 1322 4541 studui,
1337 4474 1409 4527 tum
1423 4466 1600 4544 grammati*

396 4572 470 4626 cae,
494 4549 693 4630 rhetoricae,
717 4552 960 4636 philosophiae,
983 4564 1017 4618 et
1039 4551 1246 4637 theologiae.
1275 4552 1391 4635 Quum
1414 4547 1600 4618 Societatem

397 4637 574 4724 ingressus
586 4660 674 4718 sum,
688 4640 805 4706 studui
818 4663 934 4726 parum
948 4639 1147 4722 rhetoricae,
1162 4651 1239 4727 post
1263 4637 1490 4725 philosophiae
1510 4653 1528 4700 2
1547 4653 1601 4699 an-
