<?xml version="1.0" encoding="UTF-8"?>
<!DOCTYPE html PUBLIC "-//W3C//DTD XHTML 1.0 Transitional//EN"
    "http://www.w3.org/TR/xhtml1/DTD/xhtml1-transitional.dtd">
<html xmlns="http://www.w3.org/1999/xhtml" xml:lang="en" lang="en">
 <head>
  <title>
</title>
<meta http-equiv="Content-Type" content="text/html;charset=utf-8" />
  <meta name='ocr-system' content='tesseract 3.04.00' />
  <meta name='ocr-capabilities' content='ocr_page ocr_carea ocr_par ocr_line ocrx_word'/>
</head>
<body>
  <div class='ocr_page' id='page_1' title='image "./epistolaephiero00nadagoog_0030.png"; bbox 0 0 3666 5384; ppageno 0'>
   <div class='ocr_carea' id='block_1_1' title="bbox 827 419 1472 490">
    <p class='ocr_par' dir='ltr' id='par_1_1' title="bbox 827 419 1472 490">
     <span class='ocr_line' id='line_1_1' title="bbox 827 419 1472 490; baseline -0.014 -1"><span class='ocrx_word' id='word_1_1' title='bbox 827 419 895 490; x_wconf 86' lang='lat'>1548</span> <span class='ocrx_word' id='word_1_2' title='bbox 1454 423 1472 480; x_wconf 82' lang='lat'>3</span> 
     </span>
    </p>
   </div>
   <div class='ocr_carea' id='block_1_2' title="bbox 228 572 1545 2628">
    <p class='ocr_par' dir='ltr' id='par_1_2' title="bbox 228 572 1545 2628">
     <span class='ocr_line' id='line_1_2' title="bbox 242 572 1473 659; baseline 0.006 -23"><span class='ocrx_word' id='word_1_3' title='bbox 242 581 354 638; x_wconf 91' lang='lat' dir='ltr'>retur.</span> <span class='ocrx_word' id='word_1_4' title='bbox 373 572 502 639; x_wconf 89' lang='lat' dir='ltr'>Actum</span> <span class='ocrx_word' id='word_1_5' title='bbox 517 572 629 640; x_wconf 78' lang='lat' dir='ltr'>fuerat</span> <span class='ocrx_word' id='word_1_6' title='bbox 645 572 926 659; x_wconf 83' lang='lat' dir='ltr'>praecedentibus</span> <span class='ocrx_word' id='word_1_7' title='bbox 941 573 1039 640; x_wconf 88' lang='lat' dir='ltr'>annis</span> <span class='ocrx_word' id='word_1_8' title='bbox 1052 584 1089 641; x_wconf 92' lang='lat' dir='ltr'>vt</span> <span class='ocrx_word' id='word_1_9' title='bbox 1099 574 1341 644; x_wconf 86' lang='lat' dir='ltr'>obseruaretu&#39;r</span> <span class='ocrx_word' id='word_1_10' title='bbox 1351 576 1473 645; x_wconf 83' lang='lat' dir='ltr'>decre-</span> 
     </span>
     <span class='ocr_line' id='line_1_3' title="bbox 244 683 1472 778; baseline 0.005 -26"><span class='ocrx_word' id='word_1_11' title='bbox 244 685 325 754; x_wconf 88' lang='lat' dir='ltr'>talis</span> <span class='ocrx_word' id='word_1_12' title='bbox 341 683 401 754; x_wconf 73' lang='lat'>²4</span> <span class='ocrx_word' id='word_1_13' title='bbox 422 689 559 773; x_wconf 73' lang='lat' dir='ltr'>«Quum</span> <span class='ocrx_word' id='word_1_14' title='bbox 574 687 759 774; x_wconf 85' lang='lat' dir='ltr'>corporalis</span> <span class='ocrx_word' id='word_1_15' title='bbox 778 687 989 755; x_wconf 77' lang='lat' dir='ltr'>infirmitas.»</span> <span class='ocrx_word' id='word_1_16' title='bbox 1010 693 1177 776; x_wconf 73' lang='lat' dir='ltr'>Prospere</span> <span class='ocrx_word' id='word_1_17' title='bbox 1193 701 1370 760; x_wconf 85' lang='lat' dir='ltr'>cesserunt</span> <span class='ocrx_word' id='word_1_18' title='bbox 1387 712 1472 778; x_wconf 89' lang='lat' dir='ltr'>qua-</span> 
     </span>
     <span class='ocr_line' id='line_1_4' title="bbox 245 801 1473 894; baseline 0.006 -27"><span class='ocrx_word' id='word_1_19' title='bbox 245 812 327 868; x_wconf 86' lang='lat' dir='ltr'>tuor</span> <span class='ocrx_word' id='word_1_20' title='bbox 347 801 583 871; x_wconf 87' lang='lat' dir='ltr'>tribulationes</span> <span class='ocrx_word' id='word_1_21' title='bbox 603 804 763 886; x_wconf 89' lang='lat' dir='ltr'>Mathiae,</span> <span class='ocrx_word' id='word_1_22' title='bbox 783 805 950 885; x_wconf 87' lang='lat' dir='ltr'>Rosellae,</span> <span class='ocrx_word' id='word_1_23' title='bbox 969 805 1155 873; x_wconf 78' lang='lat' dir='ltr'>Barbarani</span> <span class='ocrx_word' id='word_1_24' title='bbox 1176 815 1280 892; x_wconf 91' lang='lat' dir='ltr'>atque</span> <span class='ocrx_word' id='word_1_25' title='bbox 1296 805 1473 894; x_wconf 88' lang='lat' dir='ltr'>episcopa-</span> 
     </span>
     <span class='ocr_line' id='line_1_5' title="bbox 244 917 1473 990; baseline 0.006 -7"><span class='ocrx_word' id='word_1_26' title='bbox 244 928 316 984; x_wconf 89' lang='lat' dir='ltr'>tus.</span> <span class='ocrx_word' id='word_1_27' title='bbox 336 917 496 986; x_wconf 86' lang='lat' dir='ltr'>Liberata</span> <span class='ocrx_word' id='word_1_28' title='bbox 510 919 664 988; x_wconf 84' lang='lat' dir='ltr'>Societas</span> <span class='ocrx_word' id='word_1_29' title='bbox 684 939 705 987; x_wconf 90' lang='lat' dir='ltr'>a</span> <span class='ocrx_word' id='word_1_30' title='bbox 724 941 807 988; x_wconf 89' lang='lat' dir='ltr'>cura</span> <span class='ocrx_word' id='word_1_31' title='bbox 827 919 1007 988; x_wconf 89' lang='lat' dir='ltr'>mulierum</span> <span class='ocrx_word' id='word_1_32' title='bbox 1027 943 1068 988; x_wconf 88' lang='lat' dir='ltr'>ac</span> <span class='ocrx_word' id='word_1_33' title='bbox 1088 925 1343 989; x_wconf 90' lang='lat' dir='ltr'>monacharum.</span> <span class='ocrx_word' id='word_1_34' title='bbox 1362 921 1473 990; x_wconf 88' lang='lat' dir='ltr'>Viuae</span> 
     </span>
     <span class='ocr_line' id='line_1_6' title="bbox 243 1033 1473 1123; baseline 0.008 -25"><span class='ocrx_word' id='word_1_35' title='bbox 243 1033 343 1101; x_wconf 89' lang='lat' dir='ltr'>vocis</span> <span class='ocrx_word' id='word_1_36' title='bbox 364 1037 541 1103; x_wconf 90' lang='lat' dir='ltr'>oraculum</span> <span class='ocrx_word' id='word_1_37' title='bbox 568 1058 628 1123; x_wconf 90' lang='lat' dir='ltr'>per</span> <span class='ocrx_word' id='word_1_38' title='bbox 654 1038 848 1104; x_wconf 91' lang='lat' dir='ltr'>Durantum</span> <span class='ocrx_word' id='word_1_39' title='bbox 868 1059 931 1123; x_wconf 92' lang='lat' dir='ltr'>pro</span> <span class='ocrx_word' id='word_1_40' title='bbox 951 1037 1130 1123; x_wconf 86' lang='lat' dir='ltr'>exercitijs.</span> <span class='ocrx_word' id='word_1_41' title='bbox 1152 1039 1347 1105; x_wconf 90' lang='lat' dir='ltr'>Fundatum</span> <span class='ocrx_word' id='word_1_42' title='bbox 1367 1038 1473 1108; x_wconf 92' lang='lat' dir='ltr'>colle-</span> 
     </span>
     <span class='ocr_line' id='line_1_7' title="bbox 242 1149 1473 1240; baseline 0.003 -25"><span class='ocrx_word' id='word_1_43' title='bbox 242 1149 343 1236; x_wconf 83' lang='lat' dir='ltr'>gium</span> <span class='ocrx_word' id='word_1_44' title='bbox 359 1151 582 1237; x_wconf 86' lang='lat' dir='ltr'>gandianum,</span> <span class='ocrx_word' id='word_1_45' title='bbox 601 1152 691 1218; x_wconf 82' lang='lat' dir='ltr'>facta</span> <span class='ocrx_word' id='word_1_46' title='bbox 706 1151 910 1220; x_wconf 89' lang='lat' dir='ltr'>vniuersitas</span> <span class='ocrx_word' id='word_1_47' title='bbox 926 1151 1028 1238; x_wconf 84' lang='lat' dir='ltr'>studij</span> <span class='ocrx_word' id='word_1_48' title='bbox 1041 1153 1222 1239; x_wconf 80' lang='lat' dir='ltr'>generalis</span> <span class='ocrx_word' id='word_1_49' title='bbox 1238 1153 1314 1220; x_wconf 91' lang='lat' dir='ltr'>Hoc</span> <span class='ocrx_word' id='word_1_50' title='bbox 1327 1153 1393 1219; x_wconf 88' lang='lat' dir='ltr'>tuit</span> <span class='ocrx_word' id='word_1_51' title='bbox 1402 1153 1473 1240; x_wconf 64' lang='lat' dir='ltr'>prin</span> 
     </span>
     <span class='ocr_line' id='line_1_8' title="bbox 240 1266 1473 1354; baseline 0.005 -24"><span class='ocrx_word' id='word_1_52' title='bbox 240 1286 340 1332; x_wconf 89' lang='lat' dir='ltr'>mum</span> <span class='ocrx_word' id='word_1_53' title='bbox 356 1267 552 1354; x_wconf 82' lang='lat' dir='ltr'>collegium,</span> <span class='ocrx_word' id='word_1_54' title='bbox 570 1266 607 1333; x_wconf 93' lang='lat' dir='ltr'>in</span> <span class='ocrx_word' id='word_1_55' title='bbox 623 1289 692 1354; x_wconf 91' lang='lat' dir='ltr'>quo</span> <span class='ocrx_word' id='word_1_56' title='bbox 706 1268 814 1336; x_wconf 90' lang='lat' dir='ltr'>nostri</span> <span class='ocrx_word' id='word_1_57' title='bbox 829 1269 1004 1348; x_wconf 88' lang='lat' dir='ltr'>docerent,</span> <span class='ocrx_word' id='word_1_58' title='bbox 1022 1268 1129 1354; x_wconf 90' lang='lat' dir='ltr'>prima</span> <span class='ocrx_word' id='word_1_59' title='bbox 1145 1268 1247 1337; x_wconf 91' lang='lat' dir='ltr'>etiam</span> <span class='ocrx_word' id='word_1_60' title='bbox 1268 1267 1473 1336; x_wconf 84' lang='lat' dir='ltr'>uniuersitas</span> 
     </span>
     <span class='ocr_line' id='line_1_9' title="bbox 240 1381 1472 1472; baseline 0.002 -26"><span class='ocrx_word' id='word_1_61' title='bbox 240 1381 348 1467; x_wconf 88' lang='lat' dir='ltr'>studij</span> <span class='ocrx_word' id='word_1_62' title='bbox 365 1383 536 1470; x_wconf 85' lang='lat' dir='ltr'>generalis</span> <span class='ocrx_word' id='word_1_63' title='bbox 551 1383 587 1451; x_wconf 92' lang='lat' dir='ltr'>in</span> <span class='ocrx_word' id='word_1_64' title='bbox 603 1383 786 1454; x_wconf 89' lang='lat' dir='ltr'>Societate.</span> <span class='ocrx_word' id='word_1_65' title='bbox 806 1386 934 1452; x_wconf 89' lang='lat' dir='ltr'>Romae</span> <span class='ocrx_word' id='word_1_66' title='bbox 949 1382 1124 1470; x_wconf 92' lang='lat' dir='ltr'>prohibuit</span> <span class='ocrx_word' id='word_1_67' title='bbox 1137 1386 1176 1451; x_wconf 92' lang='lat' dir='ltr'>P.</span> <span class='ocrx_word' id='word_1_68' title='bbox 1192 1383 1346 1472; x_wconf 86' lang='lat' dir='ltr'>Ignatius</span> <span class='ocrx_word' id='word_1_69' title='bbox 1357 1383 1472 1471; x_wconf 91' lang='lat' dir='ltr'>publi-</span> 
     </span>
     <span class='ocr_line' id='line_1_10' title="bbox 238 1498 1471 1586; baseline 0.002 -22"><span class='ocrx_word' id='word_1_70' title='bbox 238 1517 302 1564; x_wconf 91' lang='lat' dir='ltr'>cas</span> <span class='ocrx_word' id='word_1_71' title='bbox 317 1498 608 1580; x_wconf 90' lang='lat' dir='ltr'>mortificationes,</span> <span class='ocrx_word' id='word_1_72' title='bbox 627 1521 772 1585; x_wconf 88' lang='lat' dir='ltr'>quarum</span> <span class='ocrx_word' id='word_1_73' title='bbox 791 1502 800 1534; x_wconf 96' lang='lat'>¹</span> <span class='ocrx_word' id='word_1_74' title='bbox 818 1509 891 1568; x_wconf 88' lang='lat' dir='ltr'>erat</span> <span class='ocrx_word' id='word_1_75' title='bbox 902 1511 1022 1566; x_wconf 84' lang='lat' dir='ltr'>auctor</span> <span class='ocrx_word' id='word_1_76' title='bbox 1033 1501 1073 1566; x_wconf 92' lang='grc' dir='ltr'>Ρ.</span> <span class='ocrx_word' id='word_1_77' title='bbox 1089 1501 1231 1566; x_wconf 87' lang='lat' dir='ltr'>Iacobus</span> <span class='ocrx_word' id='word_1_78' title='bbox 1243 1501 1374 1586; x_wconf 87' lang='lat' dir='ltr'>Eguias</span> <span class='ocrx_word' id='word_1_79' title='bbox 1392 1520 1471 1567; x_wconf 92' lang='lat' dir='ltr'>cum</span> 
     </span>
     <span class='ocr_line' id='line_1_11' title="bbox 239 1613 1451 1706; baseline 0.004 -28"><span class='ocrx_word' id='word_1_80' title='bbox 239 1613 420 1693; x_wconf 88' lang='lat' dir='ltr'>Ferronio,</span> <span class='ocrx_word' id='word_1_81' title='bbox 435 1613 494 1699; x_wconf 93' lang='lat' dir='ltr'>qui</span> <span class='ocrx_word' id='word_1_82' title='bbox 506 1615 619 1684; x_wconf 85' lang='lat' dir='ltr'>fuerat</span> <span class='ocrx_word' id='word_1_83' title='bbox 629 1614 833 1682; x_wconf 88' lang='lat' dir='ltr'>secretarius</span> <span class='ocrx_word' id='word_1_84' title='bbox 844 1625 1025 1700; x_wconf 84' lang='lat' dir='ltr'>antequam</span> <span class='ocrx_word' id='word_1_85' title='bbox 1038 1614 1171 1683; x_wconf 89' lang='lat' dir='ltr'>veniret</span> <span class='ocrx_word' id='word_1_86' title='bbox 1183 1619 1223 1683; x_wconf 91' lang='lat' dir='ltr'>P.</span> <span class='ocrx_word' id='word_1_87' title='bbox 1240 1618 1421 1683; x_wconf 89' lang='lat' dir='ltr'>Polancus.</span> <span class='ocrx_word' id='word_1_88' title='bbox 1444 1615 1451 1706; x_wconf 83' lang='grc' dir='ltr'>Ι</span> 
     </span>
     <span class='ocr_line' id='line_1_12' title="bbox 239 1729 1469 1818; baseline 0.002 -22"><span class='ocrx_word' id='word_1_89' title='bbox 239 1729 302 1796; x_wconf 88' lang='lat' dir='ltr'>Ad</span> <span class='ocrx_word' id='word_1_90' title='bbox 317 1729 525 1799; x_wconf 90' lang='lat' dir='ltr'>Societatem</span> <span class='ocrx_word' id='word_1_91' title='bbox 541 1729 663 1818; x_wconf 90' lang='lat' dir='ltr'>recipit</span> <span class='ocrx_word' id='word_1_92' title='bbox 679 1735 781 1798; x_wconf 89' lang='lat' dir='ltr'>Pater</span> <span class='ocrx_word' id='word_1_93' title='bbox 797 1753 860 1797; x_wconf 92' lang='lat' dir='ltr'>suo</span> <span class='ocrx_word' id='word_1_94' title='bbox 876 1731 1017 1798; x_wconf 90' lang='lat' dir='ltr'>consilio</span> <span class='ocrx_word' id='word_1_95' title='bbox 1033 1733 1219 1800; x_wconf 86' lang='lat' dir='ltr'>Ductorem</span> <span class='ocrx_word' id='word_1_96' title='bbox 1236 1731 1405 1813; x_wconf 90' lang='lat' dir='ltr'>Torrium,</span> <span class='ocrx_word' id='word_1_97' title='bbox 1428 1753 1469 1799; x_wconf 90' lang='lat' dir='ltr'>ac</span> 
     </span>
     <span class='ocr_line' id='line_1_13' title="bbox 240 1842 1467 1934; baseline 0.004 -25"><span class='ocrx_word' id='word_1_98' title='bbox 240 1842 349 1910; x_wconf 89' lang='lat' dir='ltr'>mittit</span> <span class='ocrx_word' id='word_1_99' title='bbox 364 1844 400 1911; x_wconf 93' lang='lat' dir='ltr'>in</span> <span class='ocrx_word' id='word_1_100' title='bbox 416 1845 629 1932; x_wconf 89' lang='lat' dir='ltr'>Hispanjam.</span> <span class='ocrx_word' id='word_1_101' title='bbox 654 1845 722 1913; x_wconf 92' lang='lat' dir='ltr'>Hic</span> <span class='ocrx_word' id='word_1_102' title='bbox 741 1846 849 1932; x_wconf 90' lang='lat' dir='ltr'>prima</span> <span class='ocrx_word' id='word_1_103' title='bbox 869 1846 992 1914; x_wconf 91' lang='lat' dir='ltr'>diuisio</span> <span class='ocrx_word' id='word_1_104' title='bbox 1012 1845 1268 1934; x_wconf 87' lang='lat' dir='ltr'>prouintiarum.</span> <span class='ocrx_word' id='word_1_105' title='bbox 1286 1851 1353 1914; x_wconf 89' lang='lat' dir='ltr'>Per</span> <span class='ocrx_word' id='word_1_106' title='bbox 1374 1849 1467 1914; x_wconf 91' lang='lat' dir='ltr'>hunc</span> 
     </span>
     <span class='ocr_line' id='line_1_14' title="bbox 239 1959 1468 2048; baseline 0.005 -24"><span class='ocrx_word' id='word_1_107' title='bbox 239 1969 277 2025; x_wconf 89' lang='lat' dir='ltr'>et</span> <span class='ocrx_word' id='word_1_108' title='bbox 301 1959 514 2028; x_wconf 89' lang='lat' dir='ltr'>Seuillanum</span> <span class='ocrx_word' id='word_1_109' title='bbox 536 1961 671 2027; x_wconf 91' lang='lat' dir='ltr'>initium</span> <span class='ocrx_word' id='word_1_110' title='bbox 691 1961 783 2048; x_wconf 88' lang='lat' dir='ltr'>capit</span> <span class='ocrx_word' id='word_1_111' title='bbox 808 1962 992 2048; x_wconf 86' lang='lat' dir='ltr'>collegium</span> <span class='ocrx_word' id='word_1_112' title='bbox 1019 1962 1271 2042; x_wconf 88' lang='lat' dir='ltr'>salmantinum,</span> <span class='ocrx_word' id='word_1_113' title='bbox 1301 1963 1468 2031; x_wconf 85' lang='lat' dir='ltr'>beneficio</span> 
     </span>
     <span class='ocr_line' id='line_1_15' title="bbox 236 2074 1545 2172; baseline 0.005 -31"><span class='ocrx_word' id='word_1_114' title='bbox 236 2074 423 2143; x_wconf 88' lang='lat' dir='ltr'>cardinalis</span> <span class='ocrx_word' id='word_1_115' title='bbox 437 2076 615 2159; x_wconf 81' lang='lat' dir='ltr'>coriensiS,</span> <span class='ocrx_word' id='word_1_116' title='bbox 632 2077 712 2144; x_wconf 91' lang='lat' dir='ltr'>dein</span> <span class='ocrx_word' id='word_1_117' title='bbox 727 2088 973 2164; x_wconf 86' lang='lat' dir='ltr'>metymnense.</span> <span class='ocrx_word' id='word_1_118' title='bbox 993 2079 1030 2144; x_wconf 88' lang='lat' dir='ltr'>In</span> <span class='ocrx_word' id='word_1_119' title='bbox 1052 2078 1262 2164; x_wconf 88' lang='lat' dir='ltr'>Portugallia</span> <span class='ocrx_word' id='word_1_120' title='bbox 1277 2083 1466 2164; x_wconf 87' lang='lat' dir='ltr'>prouentus</span> <span class='ocrx_word' id='word_1_121' title='bbox 1539 2147 1545 2172; x_wconf 49' lang='lat'><strong><em>¹</em></strong></span> 
     </span>
     <span class='ocr_line' id='line_1_16' title="bbox 234 2171 1540 2280; baseline 0.002 -23"><span class='ocrx_word' id='word_1_122' title='bbox 234 2191 439 2273; x_wconf 89' lang='lat' dir='ltr'>multorum,</span> <span class='ocrx_word' id='word_1_123' title='bbox 457 2194 516 2277; x_wconf 91' lang='lat' dir='ltr'>qui</span> <span class='ocrx_word' id='word_1_124' title='bbox 532 2195 577 2260; x_wconf 89' lang='lat' dir='ltr'>ad</span> <span class='ocrx_word' id='word_1_125' title='bbox 592 2193 798 2264; x_wconf 88' lang='lat' dir='ltr'>Societatem</span> <span class='ocrx_word' id='word_1_126' title='bbox 811 2193 1072 2280; x_wconf 90' lang='lat' dir='ltr'>recipiebantur.</span> <span class='ocrx_word' id='word_1_127' title='bbox 1092 2193 1276 2260; x_wconf 92' lang='lat' dir='ltr'>Mittuntur</span> <span class='ocrx_word' id='word_1_128' title='bbox 1287 2193 1323 2259; x_wconf 91' lang='lat' dir='ltr'>in</span> <span class='ocrx_word' id='word_1_129' title='bbox 1334 2193 1464 2260; x_wconf 84' lang='lat' dir='ltr'>indiam</span> <span class='ocrx_word' id='word_1_130' title='bbox 1537 2171 1540 2178; x_wconf 25' lang='grc' dir='ltr'>Ι</span> 
     </span>
     <span class='ocr_line' id='line_1_17' title="bbox 230 2306 1463 2396; baseline 0.002 -23"><span class='ocrx_word' id='word_1_131' title='bbox 230 2306 385 2394; x_wconf 81' lang='lat' dir='ltr'>singulis</span> <span class='ocrx_word' id='word_1_132' title='bbox 400 2307 510 2375; x_wconf 90' lang='lat' dir='ltr'>annis.</span> <span class='ocrx_word' id='word_1_133' title='bbox 530 2308 682 2377; x_wconf 88' lang='lat' dir='ltr'>Litterae</span> <span class='ocrx_word' id='word_1_134' title='bbox 698 2311 888 2378; x_wconf 86' lang='lat' dir='ltr'>afferuntur</span> <span class='ocrx_word' id='word_1_135' title='bbox 903 2309 1020 2396; x_wconf 85' lang='lat' dir='ltr'>magni</span> <span class='ocrx_word' id='word_1_136' title='bbox 1037 2310 1181 2392; x_wconf 85' lang='lat' dir='ltr'>fructus,</span> <span class='ocrx_word' id='word_1_137' title='bbox 1200 2309 1258 2395; x_wconf 91' lang='lat' dir='ltr'>qui</span> <span class='ocrx_word' id='word_1_138' title='bbox 1279 2309 1367 2376; x_wconf 91' lang='lat' dir='ltr'>inter</span> <span class='ocrx_word' id='word_1_139' title='bbox 1388 2308 1463 2376; x_wconf 86' lang='lat' dir='ltr'>ido·</span> 
     </span>
     <span class='ocr_line' id='line_1_18' title="bbox 228 2423 1462 2512; baseline 0.002 -24"><span class='ocrx_word' id='word_1_140' title='bbox 228 2423 375 2490; x_wconf 90' lang='lat' dir='ltr'>lolatras</span> <span class='ocrx_word' id='word_1_141' title='bbox 395 2425 558 2492; x_wconf 86' lang='lat' dir='ltr'>refertur:</span> <span class='ocrx_word' id='word_1_142' title='bbox 581 2446 692 2492; x_wconf 91' lang='lat' dir='ltr'>nouae</span> <span class='ocrx_word' id='word_1_143' title='bbox 719 2425 974 2512; x_wconf 59' lang='lat' dir='ltr'>prouinfficiae</span> <span class='ocrx_word' id='word_1_144' title='bbox 1001 2425 1183 2492; x_wconf 89' lang='lat' dir='ltr'>adibantur</span> <span class='ocrx_word' id='word_1_145' title='bbox 1209 2447 1229 2492; x_wconf 92' lang='lat' dir='ltr'>a</span> <span class='ocrx_word' id='word_1_146' title='bbox 1255 2424 1392 2492; x_wconf 88' lang='lat' dir='ltr'>nostris.</span> <span class='ocrx_word' id='word_1_147' title='bbox 1422 2426 1462 2491; x_wconf 92' lang='lat' dir='ltr'>In</span> 
     </span>
     <span class='ocr_line' id='line_1_19' title="bbox 229 2538 1458 2628; baseline 0.002 -24"><span class='ocrx_word' id='word_1_148' title='bbox 229 2538 450 2626; x_wconf 86' lang='lat' dir='ltr'>Portugallia</span> <span class='ocrx_word' id='word_1_149' title='bbox 463 2541 528 2608; x_wconf 92' lang='lat' dir='ltr'>Mr.</span> <span class='ocrx_word' id='word_1_150' title='bbox 544 2540 674 2622; x_wconf 86' lang='lat' dir='ltr'>Simon,</span> <span class='ocrx_word' id='word_1_151' title='bbox 688 2539 853 2628; x_wconf 88' lang='lat' dir='ltr'>superior.</span> <span class='ocrx_word' id='word_1_152' title='bbox 868 2541 1044 2626; x_wconf 89' lang='lat' dir='ltr'>Inreliqua</span> <span class='ocrx_word' id='word_1_153' title='bbox 1055 2539 1221 2627; x_wconf 88' lang='lat' dir='ltr'>Hispania</span> <span class='ocrx_word' id='word_1_154' title='bbox 1232 2543 1268 2607; x_wconf 93' lang='lat' dir='ltr'>P.</span> <span class='ocrx_word' id='word_1_155' title='bbox 1282 2540 1458 2608; x_wconf 82' lang='lat' dir='ltr'>Araozius</span> 
     </span>
    </p>
   </div>
   <div class='ocr_carea' id='block_1_3' title="bbox 799 2719 907 2791">
    <p class='ocr_par' dir='ltr' id='par_1_3' title="bbox 799 2719 907 2791">
     <span class='ocr_line' id='line_1_20' title="bbox 799 2719 907 2791; baseline -0.019 -16"><span class='ocrx_word' id='word_1_156' title='bbox 799 2719 907 2791; x_wconf 66' lang='lat' dir='ltr'>[rsus</span> 
     </span>
    </p>
   </div>
   <div class='ocr_carea' id='block_1_4' title="bbox 185 2887 1510 4482">
    <p class='ocr_par' dir='ltr' id='par_1_4' title="bbox 185 2887 1510 4482">
     <span class='ocr_line' id='line_1_21' title="bbox 305 2887 1459 2976; baseline 0.003 -22"><span class='ocrx_word' id='word_1_157' title='bbox 305 2889 477 2958; x_wconf 79' lang='lat' dir='ltr'>Prosessio</span> <span class='ocrx_word' id='word_1_158' title='bbox 494 2892 533 2956; x_wconf 93' lang='lat' dir='ltr'>P.</span> <span class='ocrx_word' id='word_1_159' title='bbox 553 2888 726 2956; x_wconf 87' lang='lat' dir='ltr'>Francisci</span> <span class='ocrx_word' id='word_1_160' title='bbox 737 2889 844 2976; x_wconf 92' lang='lat' dir='ltr'>prima</span> <span class='ocrx_word' id='word_1_161' title='bbox 861 2887 1047 2958; x_wconf 89' lang='lat' dir='ltr'>Februarii.</span> <span class='ocrx_word' id='word_1_162' title='bbox 1064 2889 1219 2956; x_wconf 86' lang='lat' dir='ltr'>Excitata</span> <span class='ocrx_word' id='word_1_163' title='bbox 1232 2889 1459 2958; x_wconf 89' lang='lat' dir='ltr'>Salmanticae</span> 
     </span>
     <span class='ocr_line' id='line_1_22' title="bbox 228 3003 1455 3092; baseline 0 -22"><span class='ocrx_word' id='word_1_164' title='bbox 228 3003 411 3072; x_wconf 89' lang='lat' dir='ltr'>tribulatio</span> <span class='ocrx_word' id='word_1_165' title='bbox 426 3005 554 3074; x_wconf 87' lang='lat' dir='ltr'>nostris</span> <span class='ocrx_word' id='word_1_166' title='bbox 569 3028 630 3092; x_wconf 89' lang='lat' dir='ltr'>per</span> <span class='ocrx_word' id='word_1_167' title='bbox 644 3007 789 3073; x_wconf 90' lang='lat' dir='ltr'>Canum.</span> <span class='ocrx_word' id='word_1_168' title='bbox 810 3006 906 3072; x_wconf 89' lang='lat' dir='ltr'>Haec</span> <span class='ocrx_word' id='word_1_169' title='bbox 922 3027 982 3090; x_wconf 92' lang='lat' dir='ltr'>per</span> <span class='ocrx_word' id='word_1_170' title='bbox 997 3003 1179 3072; x_wconf 90' lang='lat' dir='ltr'>conciones</span> <span class='ocrx_word' id='word_1_171' title='bbox 1195 3003 1320 3089; x_wconf 89' lang='lat' dir='ltr'>Stradij</span> <span class='ocrx_word' id='word_1_172' title='bbox 1334 3004 1455 3092; x_wconf 91' lang='lat' dir='ltr'>sopita.</span> 
     </span>
     <span class='ocr_line' id='line_1_23' title="bbox 227 3118 1457 3208; baseline -0.001 -20"><span class='ocrx_word' id='word_1_173' title='bbox 227 3123 328 3188; x_wconf 92' lang='lat' dir='ltr'>Dant</span> <span class='ocrx_word' id='word_1_174' title='bbox 344 3120 559 3208; x_wconf 82' lang='lat' dir='ltr'>suffragium,</span> <span class='ocrx_word' id='word_1_175' title='bbox 584 3121 643 3207; x_wconf 93' lang='lat' dir='ltr'>qui</span> <span class='ocrx_word' id='word_1_176' title='bbox 663 3130 761 3189; x_wconf 89' lang='lat' dir='ltr'>erant</span> <span class='ocrx_word' id='word_1_177' title='bbox 779 3120 816 3187; x_wconf 94' lang='lat' dir='ltr'>in</span> <span class='ocrx_word' id='word_1_178' title='bbox 836 3120 932 3188; x_wconf 88' lang='lat' dir='ltr'>ltalia</span> <span class='ocrx_word' id='word_1_179' title='bbox 951 3119 1106 3207; x_wconf 85' lang='lat' dir='ltr'>professi,</span> <span class='ocrx_word' id='word_1_180' title='bbox 1127 3119 1221 3187; x_wconf 88' lang='lat' dir='ltr'>Patri</span> <span class='ocrx_word' id='word_1_181' title='bbox 1243 3118 1376 3206; x_wconf 84' lang='lat' dir='ltr'>ignatio</span> <span class='ocrx_word' id='word_1_182' title='bbox 1395 3141 1457 3206; x_wconf 92' lang='lat' dir='ltr'>pro</span> 
     </span>
     <span class='ocr_line' id='line_1_24' title="bbox 225 3233 1456 3322; baseline 0 -20"><span class='ocrx_word' id='word_1_183' title='bbox 225 3235 547 3318; x_wconf 65' lang='lat' dir='ltr'>constitutionibus</span> <span class='ocrx_word' id='word_1_184' title='bbox 565 3247 647 3318; x_wconf 83' lang='lat' dir='ltr'>etc,</span> <span class='ocrx_word' id='word_1_185' title='bbox 665 3239 814 3322; x_wconf 88' lang='lat' dir='ltr'>Laynez,</span> <span class='ocrx_word' id='word_1_186' title='bbox 833 3237 1021 3316; x_wconf 88' lang='lat' dir='ltr'>Salmeron,</span> <span class='ocrx_word' id='word_1_187' title='bbox 1037 3233 1253 3316; x_wconf 90' lang='lat' dir='ltr'>Paschasius,</span> <span class='ocrx_word' id='word_1_188' title='bbox 1270 3233 1368 3302; x_wconf 88' lang='lat' dir='ltr'>laius.</span> <span class='ocrx_word' id='word_1_189' title='bbox 1387 3235 1456 3302; x_wconf 91' lang='lat' dir='ltr'>Ini-</span> 
     </span>
     <span class='ocr_line' id='line_1_25' title="bbox 226 3348 1457 3440; baseline 0 -22"><span class='ocrx_word' id='word_1_190' title='bbox 226 3352 320 3418; x_wconf 89' lang='lat' dir='ltr'>tium</span> <span class='ocrx_word' id='word_1_191' title='bbox 340 3351 485 3440; x_wconf 90' lang='lat' dir='ltr'>sumpsit</span> <span class='ocrx_word' id='word_1_192' title='bbox 504 3351 687 3440; x_wconf 84' lang='lat' dir='ltr'>collegium</span> <span class='ocrx_word' id='word_1_193' title='bbox 713 3351 996 3431; x_wconf 89' lang='lat' dir='ltr'>vallisoletanum,</span> <span class='ocrx_word' id='word_1_194' title='bbox 1026 3373 1086 3438; x_wconf 92' lang='lat' dir='ltr'>per</span> <span class='ocrx_word' id='word_1_195' title='bbox 1116 3348 1302 3430; x_wconf 89' lang='lat' dir='ltr'>Stradium,</span> <span class='ocrx_word' id='word_1_196' title='bbox 1334 3351 1457 3418; x_wconf 91' lang='lat' dir='ltr'>domus</span> 
     </span>
     <span class='ocr_line' id='line_1_26' title="bbox 226 3463 1455 3537; baseline -0.001 -3"><span class='ocrx_word' id='word_1_197' title='bbox 226 3464 365 3534; x_wconf 89' lang='lat' dir='ltr'>scilicet</span> <span class='ocrx_word' id='word_1_198' title='bbox 379 3476 414 3534; x_wconf 89' lang='lat' dir='ltr'>et</span> <span class='ocrx_word' id='word_1_199' title='bbox 429 3469 592 3537; x_wconf 89' lang='lat' dir='ltr'>sacellum</span> <span class='ocrx_word' id='word_1_200' title='bbox 608 3487 820 3535; x_wconf 90' lang='lat' dir='ltr'>concessum.</span> <span class='ocrx_word' id='word_1_201' title='bbox 840 3470 959 3535; x_wconf 91' lang='lat' dir='ltr'>Mense</span> <span class='ocrx_word' id='word_1_202' title='bbox 975 3465 1099 3534; x_wconf 92' lang='lat' dir='ltr'>Martio</span> <span class='ocrx_word' id='word_1_203' title='bbox 1114 3475 1166 3533; x_wconf 90' lang='lat' dir='ltr'>est</span> <span class='ocrx_word' id='word_1_204' title='bbox 1177 3463 1301 3532; x_wconf 89' lang='lat' dir='ltr'>missus</span> <span class='ocrx_word' id='word_1_205' title='bbox 1314 3467 1354 3532; x_wconf 90' lang='lat' dir='ltr'>P.</span> <span class='ocrx_word' id='word_1_206' title='bbox 1370 3465 1455 3534; x_wconf 90' lang='lat' dir='ltr'>Hie—</span> 
     </span>
     <span class='ocr_line' id='line_1_27' title="bbox 185 3579 1455 3676; baseline 0 -28"><span class='ocrx_word' id='word_1_207' title='bbox 185 3665 192 3676; x_wconf 43' lang='lat'>·</span> <span class='ocrx_word' id='word_1_208' title='bbox 225 3603 396 3668; x_wconf 91' lang='lat' dir='ltr'>ronyrnus</span> <span class='ocrx_word' id='word_1_209' title='bbox 406 3584 538 3650; x_wconf 89' lang='lat' dir='ltr'>Natalis</span> <span class='ocrx_word' id='word_1_210' title='bbox 549 3584 593 3650; x_wconf 92' lang='lat' dir='ltr'>ad</span> <span class='ocrx_word' id='word_1_211' title='bbox 605 3583 818 3649; x_wconf 79' lang='lat' dir='ltr'>fundandum</span> <span class='ocrx_word' id='word_1_212' title='bbox 830 3582 1016 3669; x_wconf 85' lang='lat' dir='ltr'>collegium</span> <span class='ocrx_word' id='word_1_213' title='bbox 1029 3602 1247 3650; x_wconf 85' lang='lat' dir='ltr'>messanense</span> <span class='ocrx_word' id='word_1_214' title='bbox 1258 3581 1294 3646; x_wconf 94' lang='lat' dir='ltr'>in</span> <span class='ocrx_word' id='word_1_215' title='bbox 1305 3579 1455 3650; x_wconf 92' lang='lat' dir='ltr'>Siciliam</span> 
     </span>
     <span class='ocr_line' id='line_1_28' title="bbox 228 3683 1510 3787; baseline -0.002 -20"><span class='ocrx_word' id='word_1_216' title='bbox 228 3721 314 3767; x_wconf 90' lang='lat' dir='ltr'>cum</span> <span class='ocrx_word' id='word_1_217' title='bbox 334 3719 460 3766; x_wconf 90' lang='lat' dir='ltr'>nouem</span> <span class='ocrx_word' id='word_1_218' title='bbox 481 3699 598 3785; x_wconf 89' lang='lat' dir='ltr'>socijs,</span> <span class='ocrx_word' id='word_1_219' title='bbox 621 3697 627 3787; x_wconf 89' lang='grc' dir='ltr'>Ι</span> <span class='ocrx_word' id='word_1_220' title='bbox 646 3698 683 3764; x_wconf 91' lang='lat' dir='ltr'>in</span> <span class='ocrx_word' id='word_1_221' title='bbox 697 3720 766 3784; x_wconf 90' lang='lat' dir='ltr'>quo</span> <span class='ocrx_word' id='word_1_222' title='bbox 785 3698 933 3784; x_wconf 87' lang='lat' dir='ltr'>collegio</span> <span class='ocrx_word' id='word_1_223' title='bbox 951 3696 1059 3764; x_wconf 92' lang='lat' dir='ltr'>nostri</span> <span class='ocrx_word' id='word_1_224' title='bbox 1084 3683 1247 3782; x_wconf 75' lang='lat' dir='ltr'>publicas&#39;</span> <span class='ocrx_word' id='word_1_225' title='bbox 1259 3698 1395 3765; x_wconf 87' lang='lat' dir='ltr'>scholas</span> <span class='ocrx_word' id='word_1_226' title='bbox 1414 3718 1454 3764; x_wconf 89' lang='lat' dir='ltr'>o—</span> <span class='ocrx_word' id='word_1_227' title='bbox 1506 3769 1510 3778; x_wconf 61' lang='grc'><em>,</em></span> 
     </span>
     <span class='ocr_line' id='line_1_29' title="bbox 227 3811 1449 3902; baseline -0.002 -20"><span class='ocrx_word' id='word_1_228' title='bbox 227 3814 363 3882; x_wconf 90' lang='lat' dir='ltr'>mnium</span> <span class='ocrx_word' id='word_1_229' title='bbox 376 3815 630 3902; x_wconf 89' lang='lat' dir='ltr'>disciplinarum</span> <span class='ocrx_word' id='word_1_230' title='bbox 643 3824 863 3901; x_wconf 88' lang='lat' dir='ltr'>aperuerunt,</span> <span class='ocrx_word' id='word_1_231' title='bbox 873 3824 1110 3899; x_wconf 85' lang='lat' dir='ltr'>praeterquam</span> <span class='ocrx_word' id='word_1_232' title='bbox 1118 3811 1201 3878; x_wconf 89' lang='lat' dir='ltr'>iuris</span> <span class='ocrx_word' id='word_1_233' title='bbox 1208 3821 1243 3878; x_wconf 92' lang='lat' dir='ltr'>et</span> <span class='ocrx_word' id='word_1_234' title='bbox 1249 3812 1449 3881; x_wconf 90' lang='lat' dir='ltr'>medicinae.</span> 
     </span>
     <span class='ocr_line' id='line_1_30' title="bbox 226 3927 1453 4019; baseline 0 -21"><span class='ocrx_word' id='word_1_235' title='bbox 226 3933 316 3999; x_wconf 87' lang='lat' dir='ltr'>Erat</span> <span class='ocrx_word' id='word_1_236' title='bbox 330 3952 478 4019; x_wconf 86' lang='lat' dir='ltr'>magnus</span> <span class='ocrx_word' id='word_1_237' title='bbox 494 3932 627 3998; x_wconf 82' lang='lat' dir='ltr'>fructus</span> <span class='ocrx_word' id='word_1_238' title='bbox 646 3929 682 3996; x_wconf 93' lang='lat' dir='ltr'>in</span> <span class='ocrx_word' id='word_1_239' title='bbox 702 3927 830 4010; x_wconf 86' lang='lat' dir='ltr'>Sicilia,</span> <span class='ocrx_word' id='word_1_240' title='bbox 848 3929 956 3996; x_wconf 90' lang='lat' dir='ltr'>multa</span> <span class='ocrx_word' id='word_1_241' title='bbox 970 3949 1074 4014; x_wconf 89' lang='lat' dir='ltr'>opera</span> <span class='ocrx_word' id='word_1_242' title='bbox 1089 3928 1217 3996; x_wconf 89' lang='lat' dir='ltr'>fiebant</span> <span class='ocrx_word' id='word_1_243' title='bbox 1233 3950 1250 3994; x_wconf 91' lang='lat' dir='ltr'>a</span> <span class='ocrx_word' id='word_1_244' title='bbox 1267 3930 1394 3997; x_wconf 91' lang='lat' dir='ltr'>Ioanne</span> <span class='ocrx_word' id='word_1_245' title='bbox 1409 3929 1453 3998; x_wconf 91' lang='lat' dir='ltr'>de</span> 
     </span>
     <span class='ocr_line' id='line_1_31' title="bbox 224 4037 1452 4136; baseline -0.006 -19"><span class='ocrx_word' id='word_1_246' title='bbox 224 4052 331 4136; x_wconf 85' lang='lat' dir='ltr'>Vega</span> <span class='ocrx_word' id='word_1_247' title='bbox 347 4058 382 4117; x_wconf 92' lang='lat' dir='ltr'>et</span> <span class='ocrx_word' id='word_1_248' title='bbox 401 4069 519 4128; x_wconf 86' lang='lat' dir='ltr'>uxore,</span> <span class='ocrx_word' id='word_1_249' title='bbox 541 4055 747 4133; x_wconf 88' lang='lat' dir='ltr'>procurante</span> <span class='ocrx_word' id='word_1_250' title='bbox 765 4047 805 4112; x_wconf 91' lang='lat' dir='ltr'>P.</span> <span class='ocrx_word' id='word_1_251' title='bbox 827 4045 1037 4124; x_wconf 88' lang='lat' dir='ltr'>Domenec0,</span> <span class='ocrx_word' id='word_1_252' title='bbox 1056 4053 1091 4112; x_wconf 90' lang='lat' dir='ltr'>et</span> <span class='ocrx_word' id='word_1_253' title='bbox 1107 4037 1284 4112; x_wconf 87' lang='lat' dir='ltr'>Messanae</span> <span class='ocrx_word' id='word_1_254' title='bbox 1305 4064 1452 4130; x_wconf 87' lang='lat' dir='ltr'>magnus</span> 
     </span>
     <span class='ocr_line' id='line_1_32' title="bbox 223 4157 1451 4246; baseline -0.004 -14"><span class='ocrx_word' id='word_1_255' title='bbox 223 4167 363 4232; x_wconf 82' lang='lat' dir='ltr'>fructus</span> <span class='ocrx_word' id='word_1_256' title='bbox 378 4163 414 4230; x_wconf 93' lang='lat' dir='ltr'>in</span> <span class='ocrx_word' id='word_1_257' title='bbox 430 4161 642 4230; x_wconf 90' lang='lat' dir='ltr'>auditoribus</span> <span class='ocrx_word' id='word_1_258' title='bbox 657 4171 692 4231; x_wconf 91' lang='lat' dir='ltr'>et</span> <span class='ocrx_word' id='word_1_259' title='bbox 707 4159 793 4245; x_wconf 91' lang='lat' dir='ltr'>alijs.</span> <span class='ocrx_word' id='word_1_260' title='bbox 813 4161 941 4246; x_wconf 88' lang='lat' dir='ltr'>Magna</span> <span class='ocrx_word' id='word_1_261' title='bbox 956 4158 1109 4246; x_wconf 84' lang='lat' dir='ltr'>cognitio</span> <span class='ocrx_word' id='word_1_262' title='bbox 1126 4157 1308 4227; x_wconf 86' lang='lat' dir='ltr'>Societatis</span> <span class='ocrx_word' id='word_1_263' title='bbox 1323 4169 1358 4227; x_wconf 87' lang='lat' dir='ltr'>et</span> <span class='ocrx_word' id='word_1_264' title='bbox 1378 4158 1451 4227; x_wconf 84' lang='lat' dir='ltr'>exi-</span> 
     </span>
     <span class='ocr_line' id='line_1_33' title="bbox 219 4261 1450 4362; baseline -0.009 -10"><span class='ocrx_word' id='word_1_265' title='bbox 219 4279 377 4352; x_wconf 87' lang='lat' dir='ltr'>stimatio</span> <span class='ocrx_word' id='word_1_266' title='bbox 392 4279 428 4346; x_wconf 91' lang='lat' dir='ltr'>in</span> <span class='ocrx_word' id='word_1_267' title='bbox 444 4277 590 4346; x_wconf 92' lang='lat' dir='ltr'>concilio</span> <span class='ocrx_word' id='word_1_268' title='bbox 606 4276 790 4345; x_wconf 90' lang='lat' dir='ltr'>tridentino</span> <span class='ocrx_word' id='word_1_269' title='bbox 805 4297 866 4362; x_wconf 92' lang='lat' dir='ltr'>per</span> <span class='ocrx_word' id='word_1_270' title='bbox 878 4261 1024 4343; x_wconf 83' lang='lat' dir='ltr'>nostros.</span> <span class='ocrx_word' id='word_1_271' title='bbox 1038 4275 1098 4341; x_wconf 67' lang='lat' dir='ltr'>ab</span> <span class='ocrx_word' id='word_1_272' title='bbox 1110 4275 1320 4342; x_wconf 84' lang='lat' dir='ltr'>Confirmata</span> <span class='ocrx_word' id='word_1_273' title='bbox 1331 4285 1450 4342; x_wconf 86' lang='lat' dir='ltr'>aucto-</span> 
     </span>
     <span class='ocr_line' id='line_1_34' title="bbox 220 4388 1450 4482; baseline -0.009 -15"><span class='ocrx_word' id='word_1_274' title='bbox 220 4399 329 4467; x_wconf 89' lang='lat' dir='ltr'>ritate</span> <span class='ocrx_word' id='word_1_275' title='bbox 351 4393 538 4482; x_wconf 91' lang='lat' dir='ltr'>apostolica</span> <span class='ocrx_word' id='word_1_276' title='bbox 561 4391 734 4474; x_wconf 83' lang='lat' dir='ltr'>exercitia,</span> <span class='ocrx_word' id='word_1_277' title='bbox 759 4390 916 4478; x_wconf 90' lang='lat' dir='ltr'>latinitatj</span> <span class='ocrx_word' id='word_1_278' title='bbox 939 4393 1030 4473; x_wconf 90' lang='lat' dir='ltr'>data,</span> <span class='ocrx_word' id='word_1_279' title='bbox 1051 4412 1092 4458; x_wconf 93' lang='lat' dir='ltr'>ac</span> <span class='ocrx_word' id='word_1_280' title='bbox 1113 4388 1214 4478; x_wconf 80' lang='lat' dir='ltr'>typis</span> <span class='ocrx_word' id='word_1_281' title='bbox 1237 4392 1275 4457; x_wconf 92' lang='lat' dir='ltr'>ln</span> <span class='ocrx_word' id='word_1_282' title='bbox 1298 4389 1450 4458; x_wconf 82' lang='lat' dir='ltr'>Africam</span> 
     </span>
    </p>
   </div>
   <div class='ocr_carea' id='block_1_5' title="bbox 281 4647 552 4720">
    <p class='ocr_par' dir='ltr' id='par_1_5' title="bbox 281 4647 552 4720">
     <span class='ocr_line' id='line_1_35' title="bbox 281 4647 552 4720; baseline -0.004 -16"><span class='ocrx_word' id='word_1_283' title='bbox 281 4647 291 4682; x_wconf 84' lang='lat'>¹</span> <span class='ocrx_word' id='word_1_284' title='bbox 330 4649 397 4714; x_wconf 74' lang='lat' dir='ltr'>lis„</span> <span class='ocrx_word' id='word_1_285' title='bbox 411 4663 552 4720; x_wconf 81' lang='lat' dir='ltr'>quorum.</span> 
     </span>
    </p>
   </div>
   <div class='ocr_carea' id='block_1_6' title="bbox 0 0 1838 5384">
    <p class='ocr_par' dir='ltr' id='par_1_6' title="bbox 0 0 1838 5384">
     <span class='ocr_line' id='line_1_36' title="bbox 0 0 1838 5384; baseline 0 10"><span class='ocrx_word' id='word_1_286' title='bbox 0 0 1838 5384; x_wconf 95' lang='lat' dir='ltr'> </span> 
     </span>
    </p>
   </div>
  </div>
 </body>
</html>
