3666 5384
747 400 815 469 1558
1355 403 1388 456 61

182 552 337 620 Probauit
363 552 516 622 inchoari
543 552 857 640 congregationem.
882 554 1073 622 Benedixit.
1098 555 1278 642 Suppleuit
1297 555 1394 622 defc-

181 679 263 752 ctus,
281 679 347 737 etc.
365 667 463 735 Dixit
476 679 651 754 praeterea
662 669 750 737 velle
762 689 826 736 nos
834 668 885 736 vti
896 679 1013 737 nostra
1027 669 1197 752 libertate3
1211 680 1344 737 tantum
1357 681 1395 736 vt

181 783 354 852 interesset
367 783 628 870 congregationi
640 783 821 852 cardinalis
837 788 1014 854 Pachecus
1025 787 1103 854 loco
1115 785 1300 872 carpensis,
1314 807 1391 874 pro-

182 897 323 980 tectoris,
343 899 402 984 qui
417 909 493 968 erat
506 893 631 966 absens
649 901 671 966 ¹.

241 1013 373 1082 Detulit
389 1017 430 1081 P.
449 1015 626 1084 Salmeron
642 1015 685 1081 ad
699 1017 834 1082 Patrem
845 1014 1010 1082 vicarium
1021 1015 1157 1085 audisse
1168 1038 1207 1084 se
1218 1039 1238 1083 a
1251 1019 1290 1083 P.
1306 1019 1386 1086 Leo·

181 1130 291 1210 nardo,
308 1139 442 1198 rectore
458 1128 655 1210 coloniensi,
674 1131 766 1215 quod
781 1129 910 1197 diceret
926 1132 966 1196 P.
985 1129 1165 1198 Cornelius
1183 1129 1396 1200 Wischauen

181 1246 216 1309 P.
224 1245 379 1313 Natalem
392 1245 546 1312 futurum
558 1246 765 1332 generalem:
776 1245 883 1312 mouit
894 1248 960 1312 hoc
972 1249 1110 1313 Patrem
1120 1245 1296 1328 vicarium,
1311 1267 1395 1314 con-

180 1358 302 1425 uocatis
318 1358 450 1444 aliquot
467 1359 639 1441 Patribus,
658 1370 692 1429 et
708 1359 796 1428 inter
817 1381 876 1429 eos
888 1359 1012 1428 Natali:
1026 1359 1204 1446 proposuit
1218 1382 1306 1447 quae
1318 1362 1391 1428 111

180 1471 340 1543 audierat:
357 1473 500 1561 negauit
516 1493 553 1541 se
574 1475 755 1561 quicquam
776 1475 863 1542 scire
879 1477 920 1542 P.
939 1476 1145 1544 Euerardus:
1164 1476 1297 1544 Natalis
1311 1477 1397 1544 dixit

180 1587 302 1656 nescire
318 1589 402 1676 quid
417 1588 473 1675 alij
490 1589 610 1656 dicunt
625 1591 669 1659 de
684 1611 734 1671 se,
757 1612 820 1657 nec
840 1611 972 1659 curare:
997 1593 1116 1659 Patres
1135 1613 1236 1677 posse
1256 1594 1397 1662 credere

181 1705 265 1787 quod
280 1705 423 1772 vellent:
441 1726 479 1772 se
494 1727 565 1772 non
579 1715 786 1772 commotum
802 1704 854 1786 iri,
873 1707 939 1772 X.0
957 1705 1116 1792 propitio,
1134 1707 1236 1772 modo
1253 1717 1397 1777 testare·

181 1827 231 1885 tur
245 1839 360 1886 coram
376 1822 451 1887 Deo
466 1819 590 1906 iniuria
604 1819 639 1886 id
654 1820 768 1886 vocari
784 1820 820 1887 in
835 1819 1094 1888 dubitationem:
1113 1832 1148 1890 et
1164 1830 1280 1890 tamen
1289 1821 1395 1890 inter-

181 1935 311 2020 rogauit
322 1953 365 2002 ea
376 1936 420 2004 de
436 1956 474 2002 re
487 1939 590 2002 Pater
601 1934 748 2002 vicarius
764 1958 824 2022 per
839 1935 1041 2018 Polaneum,
1056 1935 1114 2021 qui
1125 1935 1330 2005 videbantur
1342 1937 1397 2004 in-

181 2050 385 2138 terrogandi,
403 2049 462 2135 qui
479 2071 585 2136 quum
600 2071 720 2119 omnes
734 2062 902 2137 negarent
918 2071 956 2118 se
970 2048 1152 2135 quicquam
1168 2050 1268 2133 scire,
1289 2051 1398 2120 desti-

181 2164 217 2230 tit
231 2168 334 2234 Pater
348 2164 508 2233 vicarius.
530 2167 537 2254 Ι
558 2184 597 2233 21
616 2165 701 2252 Iunij
719 2177 860 2253 coeptae
875 2177 957 2232 sunt
976 2165 1093 2232 haberi
1110 2166 1398 2254 congregationes

180 2281 219 2346 de
230 2280 283 2366 ijs,
299 2301 393 2367 quae
408 2292 482 2348 erat
496 2301 676 2348 necessum
696 2281 906 2349 constituere
926 2291 1006 2349 ante
1025 2279 1240 2349 electionem.
1264 2283 1354 2351 Sunt
1375 2301 1396 2366 7

177 2395 289 2464 diebus
303 2395 415 2464 habiti
431 2407 635 2464 conuentus:
653 2405 783 2478 extant,
796 2415 885 2481 quae
897 2395 1038 2464 definita
1049 2406 1142 2477 sunt,
1156 2395 1193 2462 in
1205 2396 1291 2464 actis
1302 2396 1396 2483 prio-

179 2510 266 2579 ribus
280 2511 411 2600 primae
427 2510 718 2598 congregationis,
734 2522 770 2578 et
784 2509 880 2577 iuxta
895 2514 979 2578 haec
990 2521 1067 2577 acta
1079 2521 1248 2578 transacta
1260 2523 1314 2580 est
1324 2513 1396 2582 ele-

180 2625 255 2694 ctio:
272 2627 308 2694 in
330 2625 417 2695 actis
437 2648 520 2695 vero
541 2625 785 2712 posterioribus
807 2625 936 2692 dictum
956 2647 1058 2713 quam
1079 2625 1319 2694 authoritatem
1339 2627 1397 2694 illa

180 2752 249 2810 acta
262 2743 378 2829 priora
392 2753 507 2810 essent
522 2740 681 2808 habitura
696 2741 731 2806 in
750 2740 994 2828 posterioribus
1010 2757 1093 2808 ane.
1111 2743 1202 2810 Sunt
1216 2744 1397 2810 emendata

180 2858 286 2942 aliqua
300 2881 346 2927 ex
362 2868 470 2944 parte,
489 2855 555 2924 alia
570 2857 781 2924 confirmata.

238 2972 360 3042 Voluit
378 2994 532 3040 summus
551 2971 703 3059 pontifex
722 2971 920 3040 remsem'
940 2973 983 3038 ad
1006 2993 1044 3039 se
1063 2995 1123 3059 per
1142 2973 1396 3042 alexandrinum

178 3100 211 3154 et
228 3100 424 3156 tranensem
443 3089 486 3154 de
507 3085 637 3155 ratione
656 3085 843 3155 electionis:
866 3085 1025 3173 probauit
1045 3087 1171 3170 omnia,
1189 3098 1322 3174 praeter
1336 3110 1397 3156 ex-

179 3203 502 3272 communicationes
517 3201 591 3268 illas
607 3221 757 3282 seueras,
775 3211 857 3284 etc.;
876 3202 936 3267 sed
952 3202 995 3269 de
1009 3201 1064 3268 his
1078 3202 1114 3268 in
1129 3202 1215 3270 actis
1229 3203 1400 3289 prioribus

177 3319 261 3388 illius
276 3317 567 3407 congregationis.
586 3316 683 3383 Dixit
697 3339 766 3384 non
783 3337 859 3384 esse
874 3317 1066 3385 absentium
1078 3318 1253 3404 suffragia
1273 3318 1398 3385 admit-

179 3439 285 3504 tenda.
305 3437 508 3503 Inchoatum
524 3432 741 3520 quatriduum
759 3434 801 3499 28
818 3431 916 3518 lunij.
935 3431 1065 3500 lndicta
1084 3431 1221 3514 ieiunia,
1244 3434 1398 3520 flagella-

180 3550 298 3632 tiones,
316 3549 454 3632 missae,
472 3558 553 3617 etc:
572 3547 662 3616 sacta
676 3557 729 3614 est
743 3547 937 3614 informatio
951 3569 994 3615 ex
1011 3549 1169 3629 formula,
1186 3548 1220 3614 in
1234 3570 1302 3635 qua
1313 3548 1398 3616 illud

179 3677 227 3734 ost
241 3663 467 3734 dilicillimum
483 3674 518 3734 et
533 3665 671 3750 plenum
691 3663 853 3750 periculo,
871 3674 909 3730 vt
924 3665 1024 3748 plane
1039 3663 1084 3730 sit
1104 3684 1282 3732 necessum
1308 3664 1397 3735 inter

178 3783 343 3852 electores
353 3781 490 3868 vulgari
500 3779 613 3846 omnia
625 3780 713 3846 mala
724 3778 957 3866 primariorum
971 3781 1124 3860 Patrum,
1138 3779 1239 3847 etiam
1251 3790 1396 3862 secreta,

180 3901 275 3966 modo
291 3920 336 3965 ne
350 3896 388 3963 in
403 3895 617 3964 consessione
636 3893 643 3983 Ι
661 3893 896 3962 sacramentali
911 3893 1074 3977 sciantur,
1089 3895 1180 3979 quod
1191 3916 1261 3961 non
1276 3895 1399 3982 singu-

178 4015 244 4084 lare
258 4013 504 4081 detrimentum
520 4011 642 4077 alferre
656 4019 770 4096 potest
786 4007 963 4078 Societati.

241 4129 415 4197 Absoluta
437 4127 523 4192 hora
548 4123 722 4205 orationis,
751 4121 932 4192 cardinalis
959 4126 1148 4206 Pachecus,
1174 4123 1232 4209 qui
1258 4122 1398 4193 nomine

179 4246 273 4312 Pauli
287 4245 453 4310 intererat
466 4238 638 4320 electioni,
650 4247 729 4325 post
744 4258 864 4324 pauca,
879 4258 968 4323 quae
979 4239 1023 4304 ad
1035 4220 1303 4306 exhortationem
1316 4239 1396 4306 atti-

177 4362 315 4440 nebant,
332 4357 418 4425 dixit
432 4355 645 4423 obseruanda
659 4353 696 4420 in
710 4351 889 4436 electione,
905 4361 944 4418 vt
959 4351 1106 4439 eligatur
1118 4351 1303 4440 legitimus,
1317 4375 1398 4442 pro-

177 4477 274 4544 batae
291 4473 381 4540 vitae
396 4482 431 4540 et
447 4457 550 4539 sanae
564 4467 750 4536 doctrinae:
768 4466 943 4537 dubitasse
964 4467 1109 4536 Paulum
1125 4490 1168 4536 an
1188 4480 1279 4538 esset
1302 4469 1399 4538 futu-

229 4615 238 4645 ¹
275 4607 472 4674 saccinum,
484 4603 616 4669 toc.cit.,
629 4619 681 4676 nn.
697 4613 740 4674 17,
757 4601 801 4656 18.

282 4715 369 4760 Error.
382 4713 411 4760 P.
425 4711 524 4766 Nion,
536 4715 598 4756 τοι·
612 4709 646 4754 11.
1250 4711 1263 4754 ⁶
