3634 5396
467 1123 667 1192 SECUNDI
691 1123 949 1192 VOLUMINIS
974 1125 1241 1195 CONCLUSIO

306 1376 406 1454 Cum,
421 1374 492 1458 jam
508 1373 671 1460 evulgato
687 1373 796 1460 primo
812 1373 915 1458 hujus
927 1373 1009 1440 tomi
1022 1374 1198 1457 fasciculo,
1212 1376 1378 1443 nonnulla
1388 1397 1462 1442 mo-

237 1509 402 1568 numenta
417 1500 545 1566 Rornae
565 1495 808 1579 invenerimus,
826 1497 950 1583 quibus
967 1499 1098 1566 Natalis
1114 1511 1212 1586 gesta
1227 1499 1261 1565 in
1278 1498 1462 1568 Germania

236 1624 303 1690 sub
321 1626 360 1689 P.
379 1621 505 1690 Lainez
521 1619 656 1708 plenius
670 1621 831 1688 illustrari
847 1621 1032 1708 potuerint3
1050 1644 1119 1689 non
1136 1592 1343 1703 absrefore,
1361 1622 1462 1708 quin-

238 1746 341 1814 immo
356 1769 427 1815 rem
443 1756 577 1833 gratam
597 1743 820 1832 scriptoribus
834 1745 995 1812 historiae
1009 1747 1233 1832 praestituros
1246 1745 1418 1826 duximus
1432 1740 1465 1813 si'

238 1892 358 1957 pauca,
376 1873 419 1939 ad
440 1872 578 1938 modum
600 1870 769 1937 coronidis
789 1872 893 1956 hujus
914 1870 1107 1953 voluminis,
1131 1872 1186 1938 hic
1206 1882 1458 1950 annotaremus,

236 1995 373 2081 quibus,
390 1997 564 2082 praedicta
584 1963 805 2064 monumenta
825 1995 935 2083 digito
956 1997 1207 2082 quodammodo
1227 1995 1345 2063 lectori
1366 2016 1460 2062 com-

237 2129 474 2201 monstrantes
493 2120 549 2186 illa
564 2118 704 2188 minime
719 2119 809 2187 inter
828 2119 1046 2207 epistolarum
1067 2119 1319 2188 multitudinem
1339 2118 1460 2187 delite-

234 2263 330 2311 scere
345 2254 551 2330 pateremur,
570 2245 630 2312 sed
641 2246 737 2330 justo
752 2245 861 2332 pretio
877 2266 957 2332 prae
973 2245 1047 2312 aliis
1062 2267 1130 2311 non
1148 2243 1267 2330 paucis
1289 2243 1459 2311 aestimari

234 2387 440 2436 curaremus
454 2368 625 2454 Quoniam
637 2381 752 2438 autem
763 2369 882 2437 intima
894 2370 1061 2438 connexio
1072 2369 1161 2438 inter
1172 2369 1309 2454 scripta,
1325 2369 1369 2436 de
1381 2365 1457 2453 qui-

236 2493 300 2556 bus
314 2492 495 2561 dicendum
516 2493 616 2560 nobis
636 2506 700 2577 est,
718 2505 753 2560 et
773 2496 887 2581 plures
907 2495 989 2562 alias
1008 2495 1112 2580 hujus
1131 2492 1313 2562 voluminis
1328 2492 1458 2560 litteras

235 2615 425 2699 intercedit,
455 2620 497 2686 de
517 2617 582 2685 illis
602 2618 703 2688 etiam
725 2619 837 2705 aliqua
857 2620 1126 2688 animadvertere
1148 2617 1295 2704 juvabit,
1318 2615 1456 2703 quaein

235 2742 418 2826 prooemi0,
437 2743 516 2828 quia
532 2747 617 2812 haec
632 2766 720 2812 nova
735 2747 941 2814 documenta
957 2745 1075 2831 ignota
1090 2744 1187 2811 nobis
1203 2754 1311 2824 erant,
1329 2741 1457 2828 primo-

236 2865 328 2935 ribus
345 2881 476 2936 tantum
493 2870 596 2936 labris
612 2871 782 2958 attingere
798 2869 984 2957 potuimus

187 3006 189 3014 ’
300 2993 414 3060 Primo
430 2994 536 3081 igitur
548 3017 599 3076 ea,
618 3017 706 3081 quae
719 2995 753 3060 in
766 2994 975 3082 praefatione
987 3005 1115 3076 nostra,
1130 2992 1256 3080 pagina
1267 3013 1303 3072 x,
1318 2994 1361 3059 de
1374 3013 1456 3077 apo-

230 3117 349 3185 stolico
380 3119 501 3185 nuntio
536 3119 700 3187 Zacharia
736 3121 872 3186 Dolfino
903 3117 1069 3198 diximus,
1106 3118 1297 3204 «praeclare
1327 3115 1456 3185 scilicet

230 3243 324 3309 illurn
339 3266 400 3329 pro
417 3246 543 3312 tuenda
559 3257 698 3313 sanctae
719 3245 809 3314 sedis
825 3244 1027 3311 auctoritate
1043 3245 1251 3323 decertasse,
1276 3242 1455 3327 Patrisque

230 3370 360 3436 Natalis
372 3391 475 3456 opera
492 3392 591 3437 usum
607 3346 726 3453 luisse,
747 3381 783 3438 ut
795 3369 912 3436 solidis
928 3369 1140 3456 argumentis
1155 3389 1326 3434 summum
1342 3365 1456 3453 ponti-

232 3496 328 3560 tlcem
345 3493 545 3563 universalis
561 3494 726 3562 ecclesiae
740 3505 911 3581 pastorem
927 3515 1013 3574 esse,
1029 3515 1090 3580 pro
1102 3513 1342 3580 germanorum
1355 3489 1453 3558 dissi·

230 3619 383 3686 dentium
410 3619 644 3687 confutatione
670 3618 928 3701 evincereturo,
950 3617 1098 3685 dilucide
1118 3617 1317 3684 confirmata
1339 3615 1455 3680 videre

225 3744 352 3827 poterit
367 3743 548 3812 historicae
563 3743 715 3812 veritatis
734 3743 909 3810 studiosus
924 3743 960 3811 in
976 3743 1139 3829 epistolis,
1157 3763 1243 3826 quas
1259 3740 1292 3806 in
1311 3749 1454 3806 annota-

229 3865 378 3934 tionibus
394 3867 437 3932 ad
452 3866 597 3956 paginas
609 3868 673 3934 218
690 3877 726 3936 et
742 3884 818 3954 219,
834 3889 877 3935 ex
892 3865 1085 3952 archetypis
1101 3865 1137 3931 in
1152 3863 1328 3932 tabulariis
1343 3886 1453 3932 reser-

228 3991 316 4058 vatis
332 3992 507 4060 Vaticanis
523 3993 737 4062 exstantibus
753 4014 863 4078 nuper
876 3993 1105 4078 depromptas,
1124 3989 1303 4057 edidimus.

293 4119 414 4203 Neque
430 4119 607 4184 dumtaxat
623 4139 675 4198 ea,
694 4139 782 4203 quae
803 4117 838 4183 in
853 4117 1026 4204 prooemio
1042 4119 1107 4182 hac
1123 4117 1166 4184 de
1182 4137 1219 4183 re
1234 4113 1419 4201 praelibata
1434 4137 1453 4180 a

226 4240 323 4308 nobis
341 4243 486 4322 fuerant,
504 4241 599 4310 hisce
614 4241 736 4311 litteris
752 4242 1009 4323 confirmantur,
1024 4241 1086 4308 sed
1097 4239 1162 4307 alia
1173 4239 1323 4326 insuper,
1338 4248 1373 4307 et
1385 4239 1452 4308 So-

224 4366 350 4448 cietati,
374 4378 408 4434 et
431 4367 523 4434 Patri
546 4353 657 4434 Nadal
677 4365 926 4452 perhonorifica
946 4367 1152 4434 revelantur.
1177 4367 1221 4430 Et
1241 4363 1351 4450 primo
1375 4365 1451 4450 qui-

225 4491 301 4558 dem
319 4489 390 4578 ipse
405 4491 560 4565 nuntius,
579 4493 623 4558 ad
638 4489 772 4558 concilii
790 4489 963 4558 tridentini
978 4489 1150 4576 praesides
1162 4489 1315 4557 scribens
1327 4489 1369 4555 de
1385 4488 1451 4556 dil·

226 4613 435 4682 ficultatibus
451 4617 495 4682 ab
511 4615 585 4702 ipso
600 4615 802 4703 superandis
817 4637 879 4702 pro
894 4615 984 4682 felici
1004 4613 1099 4683 exitu
1113 4623 1304 4681 conventus
1320 4614 1452 4682 theolo-
