3666 5384
381 489 414 532 ra
803 476 836 531 Ρ.
854 475 995 532 Nararrs
1014 477 1177 532 Ernsrtsn.

376 641 545 713 exortum,
567 626 573 716 Ι
594 638 628 694 et
644 630 686 697 ad
701 650 763 695 ver
778 627 980 697 iuberentur
992 628 1112 696 adesse
1124 631 1255 696 Romae
1268 631 1401 708 Patres,
1421 627 1476 714 alij
1494 627 1604 696 redie-

378 755 459 812 runt
469 745 513 812 ad
528 765 591 811 sua
605 741 803 825 ministeria,
821 743 876 830 alij
894 745 937 811 ab
953 743 1123 812 destinato
1133 742 1255 813 itinere
1265 743 1481 810 destiterunt.
1497 743 1601 812 Solus

377 859 510 928 Natalis
524 859 618 926 venit
633 860 776 927 Romam
793 859 943 928 terrestri
963 861 971 894 ¹
990 856 1111 927 itinere
1129 880 1190 945 per
1209 856 1369 938 Galliam,
1387 878 1457 943 quo
1473 858 1598 940 fuerat,

376 976 443 1042 iam
459 985 678 1061 anteaquam
694 974 869 1044 audiretur
880 976 923 1042 de
933 975 1030 1041 obitu
1043 973 1155 1043 Patris
1166 974 1304 1062 lgnatij,
1318 984 1496 1043 venturus.
1512 976 1600 1041 Per-

376 1090 472 1160 venit
487 1092 629 1159 Romam
646 1092 686 1157 Ρ.
706 1090 836 1158 Natalis
852 1108 872 1157 2
893 1089 1105 1158 Decembris,
1130 1089 1254 1158 Literis
1275 1089 1388 1158 Patris
1407 1087 1525 1156 vicarii
1545 1099 1600 1158 est

377 1205 608 1294 significatum
628 1205 804 1291 Societati,
822 1217 859 1272 vt
879 1228 997 1276 omnes
1014 1208 1135 1274 Patres
1154 1226 1293 1292 operam
1312 1207 1433 1274 darent
1453 1208 1599 1273 Romam

375 1333 413 1388 vt
429 1321 647 1409 peruenirent
663 1322 705 1390 ad
722 1323 742 1388 8
757 1321 830 1390 dies
852 1331 928 1407 post
944 1324 1081 1407 pascha,
1098 1324 1165 1389 hoc
1180 1331 1245 1402 est,
1268 1323 1311 1388 ad
1331 1337 1368 1404 15
1386 1319 1476 1390 diem
1496 1319 1600 1406 Apri·

376 1434 418 1503 lis
434 1436 512 1522 plus
527 1435 651 1503 minus,

445 1617 506 1682 42
932 1623 1040 1694 [rsus

442 1786 621 1852 Venerunt
636 1786 779 1851 Romam
794 1783 940 1871 primum
956 1808 976 1853 e
991 1785 1103 1853 Gallia
1119 1787 1160 1852 P.
1182 1784 1388 1853 Paschasius
1403 1795 1439 1852 et
1455 1785 1494 1850 P.
1511 1783 1599 1850 Vio-

375 1901 427 1967 las
445 1899 659 1968 hebdomada
677 1909 806 1966 sancta:
829 1900 908 1968 dein
929 1924 949 1969 e
970 1901 1155 1971 Germania
1175 1903 1215 1968 P.
1240 1898 1412 1981 CanisiuS,
1434 1901 1475 1966 Ρ.
1498 1900 1597 1967 Gau-

376 2016 486 2082 danus
498 2035 538 2082 ac
550 2018 591 2083 Ρ.
606 2014 766 2082 Lanoius:
786 2015 927 2084 Colonia
945 2020 985 2085 Ρ.
1004 2016 1216 2085 leonardus:
1234 2015 1390 2083 Louanio
1410 2017 1451 2082 Ρ.
1471 2014 1598 2082 Adria-

376 2153 454 2199 nus.
473 2133 599 2198 Postea
624 2131 718 2198 venit
739 2134 779 2199 Ρ.
806 2131 935 2201 Simon:
962 2144 1134 2220 postremo
1160 2155 1203 2201 ex
1223 2129 1339 2200 Sicilia
1360 2133 1401 2198 P.
1423 2132 1597 2198 Domene-

376 2248 518 2314 chusae
536 2249 575 2314 P.
595 2246 774 2314 Viuchius
800 2249 852 2314 Ex
873 2247 1039 2336 Hispania
1055 2249 1171 2316 nullus
1190 2247 1297 2327 venit,
1319 2249 1381 2314 sed
1395 2245 1563 2314 miserunt
1584 2245 1598 2278 '

375 2364 556 2448 quemdam
572 2363 711 2431 fratrem
727 2383 805 2429 cum
821 2363 955 2445 litteriS,
974 2363 1098 2450 quibus
1113 2363 1230 2430 multis
1250 2361 1438 2430 rationibus
1453 2381 1599 2430 excusa-

317 2542 323 2554 ,
376 2487 456 2543 runt
471 2477 563 2562 quod
578 2477 623 2543 ad
633 2475 879 2564 praescriptum
894 2475 1052 2567 [tempus]
1071 2500 1140 2545 non
1160 2488 1300 2564 possent
1323 2478 1453 2557 adesse,
1472 2478 1599 2542 multas

373 2603 549 2680 praeterea
569 2613 689 2659 causas
709 2603 951 2679 proponentes
977 2593 1102 2679 quibus
1123 2593 1188 2660 sibi
1208 2593 1389 2662 videbatur
1408 2613 1484 2660 esse
1505 2593 1516 2626 ⁸
1534 2613 1598 2678 po-

374 2708 443 2775 tius
466 2709 661 2796 generalem
680 2707 686 2796 1
706 2708 1010 2795 congregationem
1037 2709 1073 2776 in
1103 2708 1303 2795 Hispaniam
1323 2708 1594 2775 conuocandam.

374 2825 471 2892 Haec
486 2823 632 2910 primum
652 2823 759 2890 literis
779 2845 858 2890 cum
880 2823 1129 2911 accepissemus
1149 2825 1239 2912 (nam
1260 2826 1399 2892 morbus
1417 2823 1596 2910 paululum

372 2940 516 3008 Genuae
529 2939 667 3005 fratrem
683 2936 841 3024 detinuit)
853 2939 1073 3026 congregatis
1084 2939 1258 3027 professis,
1273 2939 1472 3006 absentibus
1483 2939 1597 3006 adhuc

373 3055 413 3121 P.
444 3052 603 3134 Simone,
625 3057 846 3121 Domenecho
867 3075 907 3121 ac
928 3053 1075 3122 Vinchio
1095 3055 1122 3139 ⁴,
1145 3065 1354 3124 censuerunt
1379 3053 1501 3140 reliqui
1526 3075 1596 3120 non

371 3189 447 3237 esse
463 3168 498 3234 in
520 3168 720 3254 Hispaniam
740 3170 903 3235 eundum.
925 3172 965 3237 P.
989 3171 1171 3254 Polancus,
1189 3169 1347 3238 adductis
1362 3169 1398 3236 in
1417 3181 1598 3255 vtramque

370 3293 501 3370 partem
517 3282 718 3366 rationibus,
737 3284 888 3351 incertae
902 3284 1093 3354 sententiae
1110 3285 1186 3352 suit.
1206 3288 1246 3352 P.
1266 3285 1401 3371 Laynes
1416 3285 1510 3353 dere
1526 3286 1598 3352 sere

370 3397 455 3465 nihil
470 3397 567 3464 dixit:
587 3407 720 3466 tantum
737 3421 774 3467 se
794 3398 881 3465 dixit
896 3410 1050 3485 paratum
1070 3409 1109 3465 vt
1129 3399 1166 3467 in
1182 3399 1382 3488 Hispaniam
1399 3400 1474 3467 iret.
1494 3401 1600 3469 Solus

370 3512 502 3582 Natalis
530 3514 751 3582 vehementer
771 3513 950 3581 contendit
969 3515 1004 3580 in
1026 3514 1228 3602 Hispaniam
1248 3516 1412 3596 eundum,
1436 3513 1598 3582 adductis

370 3627 487 3695 multis
504 3627 617 3694 causis
635 3631 660 3694 ⁸.

437 3741 499 3809 ctu
515 3745 664 3810 Rursum
680 3744 800 3814 eodem
816 3745 871 3813 die
887 3745 930 3813 de
946 3748 1064 3815 eadem
1085 3769 1123 3816 re
1138 3758 1253 3815 actum
1269 3758 1334 3828 est,
1352 3769 1392 3814 ac
1407 3767 1545 3814 rursum
1560 3745 1596 3813 in

369 3858 489 3926 eadem
506 3858 644 3925 fuerunt
659 3860 830 3927 sententia
850 3861 970 3947 reliqui
988 3864 1117 3929 Patres
1135 3863 1306 3930 Polancus
1326 3862 1481 3930 nonnihil
1501 3863 1599 3932 visus

368 3983 422 4042 est
441 3973 477 4040 in
498 3973 630 4042 Natalis
648 3975 853 4044 sententiam
874 3975 1048 4046 inclinare.
1069 3977 1303 4046 Constitutum
1324 3979 1432 4067 igitur
1453 3991 1599 4048 estnon

425 4226 432 4257 ¹
471 4221 540 4294 Me,
554 4213 694 4280 serrasti.

420 4314 432 4346 ¹
468 4311 562 4367 Recte
576 4313 656 4385 prius
669 4311 788 4384 scripsit
801 4311 894 4369 Nadal
907 4315 962 4369 hoc
980 4316 1118 4372 verbum.
1139 4316 1248 4373 Postea
1260 4322 1435 4378 cancellavit
1450 4324 1599 4396 syllabam

367 4403 453 4464 runt,
468 4399 521 4456 sed
534 4401 634 4457 statim
647 4400 742 4472 digito
755 4399 863 4457 lineam
876 4402 1003 4460 delevit.

421 4489 432 4522 ³
469 4490 535 4545 Hoc
548 4492 672 4546 verbum
682 4506 835 4562 perperam
848 4492 993 4565 repetitur
1006 4493 1095 4550 inira.

422 4580 434 4611 ⁴
470 4579 540 4651 Hs,
560 4579 681 4636 Vectio.

420 4669 432 4702 ⁸
468 4667 514 4724 De
527 4667 572 4724 his
585 4669 781 4742 SacctnNtJS,
795 4671 876 4728 Hert.
892 4673 970 4739 Soc„
984 4682 1061 4746 part.
1079 4675 1118 4742 11,
1132 4675 1186 4732 lib.
1203 4693 1223 4748 1,
1239 4696 1270 4734 n.
1288 4679 1335 4749 67.
