3526 5380
357 355 407 412 180
767 350 876 409 Enisa.
899 350 936 406 P.
959 303 1163 419 Naum-240

352 505 556 576 beneficium
587 503 774 590 accipiunt,
805 521 1003 586 sacramque
1031 499 1305 568 communionem
1336 522 1467 568 summa
1493 522 1576 568 cum

352 621 534 691 deuotione
549 629 701 687 sumunt.
719 616 817 686 Multi
831 615 1019 704 praeteritis
1031 616 1152 684 diebus
1164 615 1268 682 totius
1281 615 1372 682 uitae
1385 626 1578 684 transactae

353 737 547 824 generalem
574 734 665 820 apud
692 755 754 800 nos
782 735 895 800 fecere
913 731 1172 799 confessionem.
1196 731 1360 798 Nonnulli
1377 730 1583 818 grauissima

354 863 505 939 peccata,
523 852 690 917 hactenus
708 849 839 934 pudore
855 849 978 928 uelata,
991 867 1084 914 nunc
1100 847 1219 913 timore
1237 847 1354 912 mortis
1370 846 1582 914 confessario

355 985 552 1054 apperuere.
565 966 644 1031 Non
654 963 753 1050 pauci
767 961 864 1049 quasi
875 971 993 1029 uotum
1004 962 1175 1047 quoddam
1187 963 1308 1042 fecere,
1320 971 1371 1044 ut,
1382 962 1436 1028 uel
1445 961 1583 1030 decimo

354 1081 472 1167 quinto
485 1081 552 1161 die,
568 1081 624 1146 uel
636 1078 788 1164 quolibet
800 1099 928 1157 mense,
943 1099 1074 1144 sacram
1086 1076 1246 1163 deinceps
1258 1086 1395 1143 sumant
1406 1077 1577 1164 synaxim.

355 1196 505 1282 Quidam
516 1194 656 1280 juuenis
668 1215 856 1260 conuersus
868 1194 911 1258 ad
923 1191 1051 1259 Christi
1062 1190 1255 1272 ecclesiam,
1266 1213 1430 1278 magnum
1442 1194 1585 1260 chartae

356 1312 544 1391 cumulum,
560 1308 701 1396 magicis
714 1309 852 1395 plenum
865 1307 1006 1390 artibus,
1021 1306 1056 1372 in
1069 1308 1239 1374 Sathanae
1251 1306 1485 1376 confusionem
1497 1327 1584 1393 ope-

358 1448 396 1494 ra
412 1439 607 1493 nostrorum
634 1423 793 1491 incendio
812 1422 966 1506 tradidit,
988 1433 1024 1488 et
1038 1422 1072 1487 in
1088 1433 1238 1489 nostram
1255 1421 1459 1490 Societatem
1477 1423 1585 1509 recipi

356 1543 577 1609 uehementer
596 1539 701 1626 cupit.
729 1538 820 1606 Hinc
836 1539 965 1604 factum
985 1559 1060 1604 esse
1076 1537 1199 1618 credo,·
1217 1549 1254 1603 ut
1274 1537 1333 1622 qui
1354 1535 1433 1603 olim
1455 1538 1586 1605 nostris

356 1658 591 1726 detrectabant
606 1654 744 1734 studiiS,
767 1674 899 1739 nosque
920 1675 1052 1720 summo
1073 1654 1364 1740 prosequebantur
1380 1651 1470 1734 odic,
1488 1674 1585 1719 nunc

355 1773 449 1840 hisce
469 1769 713 1840 tentationibus
740 1768 821 1836 facti
842 1767 1096 1854 prudentiores,
1115 1767 1269 1856 'diligant
1295 1789 1358 1834 nos
1381 1779 1580 1852 amentque,

358 1887 437 1956 licet
452 1909 522 1954 non
537 1907 656 1981 omnes
671 1883 707 1950 in
723 1887 789 1951 hoc
809 1883 944 1970 pietatis
967 1903 1093 1971 genere
1108 1881 1326 1970 profecerint.
1348 1885 1469 1968 Neque
1489 1883 1584 1952 enim

358 2003 553 2082 defuerunt,
577 1999 635 2086 qui
656 2001 718 2088 (ob
740 1999 901 2086 temporis
920 1998 1078 2065 iniuriam
1097 2019 1176 2067 cum
1197 1999 1318 2086 fugere
1343 2020 1413 2065 non
1432 2001 1583 2086 possent)

359 2130 496 2205 propter
511 2117 699 2184 discessum
714 2114 796 2181 hinc
812 2127 1005 2181 nostrorum
1022 2115 1175 2195 fratrum,
1194 2113 1309 2181 nescio
1326 2135 1414 2199 quae
1425 2114 1469 2182 de
1483 2115 1586 2181 nobis

360 2231 587 2318 excogitarint
602 2231 778 2316 figmenta,
806 2229 1002 2297 dictitantes
1022 2232 1031 2263 ¹
1049 2229 1193 2314 jesuitas
1219 2231 1312 2297 haud
1331 2240 1489 2295 strenuos
1507 2251 1586 2298 esse

360 2347 508 2414 ciuitatis
524 2345 659 2428 milites,
677 2345 736 2431 qui
755 2346 871 2431 fugam
887 2344 923 2410 in
938 2343 1122 2413 certamine
1134 2355 1327 2431 capessunt;
1342 2357 1376 2414 et
1388 2346 1489 2412 modo
1500 2345 1586 2412 illud

360 2463 567 2548 completum
588 2482 679 2528 esse:
705 2461 898 2545 percutiam
917 2463 1091 2548 pastorem
1113 2465 1144 2525 et
1168 2459 1413 2548 dispergentur
1434 2481 1529 2540 oues,
1550 2473 1586 2528 et

360 2575 556 2644 huiusmodi
573 2577 751 2661 quaedam,
770 2597 858 2660 quae
874 2597 993 2661 parum
1009 2596 1093 2661 erga
1119 2596 1182 2641 nos
1198 2575 1456 2644 beneuolentiae
1472 2576 1587 2642 decla-

342 2693 493 2758 rabant.
513 2692 714 2772 Caeterum,
733 2711 811 2757 cum
827 2689 912 2755 nihil
932 2689 967 2755 in
992 2688 1265 2756 administrandis
1286 2691 1513 2776 poenitentiae
1530 2713 1585 2758 sa-

361 2807 544 2875 cramentis
559 2805 625 2872 sibi
645 2807 764 2873 deesse
783 2805 949 2887 uiderent,
968 2827 1079 2890 neque
1096 2805 1129 2870 in
1146 2805 1321 2873 sacrificiis
1333 2806 1538 2892 quotidianis
1551 2817 1587 2872 et

362 2921 584 2989 concionibus
595 2929 654 2988 aut
668 2919 816 2987 consiliis
833 2919 965 3001 dandiS,
985 2921 1177 2988 factumest
1195 2932 1233 2986 ut
1248 2922 1431 2988 multorum
1448 2943 1506 2988 ora
1518 2921 1588 2987 sint

361 3038 509 3116 occlusa,
530 3035 685 3102 videntes
702 3034 977 3116 sollicitudinem,
999 3056 1101 3120 quam
1120 3035 1228 3102 nostri
1250 3057 1310 3121 pro
1327 3035 1445 3102 alienis
1462 3035 1588 3104 ouibus

364 3161 485 3237 sponte
501 3150 703 3236 suscipiunt.
719 3152 822 3217 Nunc
835 3149 949 3235 itaque
962 3151 1148 3218 multorum
1160 3149 1302 3219 iniuriae
1314 3161 1349 3219 et
1361 3151 1588 3219 detractiones

364 3267 541 3352 (quantum
556 3263 747 3351 intelligere
763 3265 956 3352 possumus)
972 3287 1105 3333 cessare
1119 3265 1290 3348 uidentur,
1308 3277 1343 3333 et
1355 3267 1463 3333 multo
1475 3267 1588 3352 plures

365 3402 467 3466 quam
482 3390 582 3447 antea
597 3391 809 3447 sacramenta
825 3390 860 3448 et
876 3380 1058 3449 conciones
1074 3382 1165 3467 apud
1181 3402 1246 3448 nos
1259 3373 1409 3450 uisitare.
1424 3383 1492 3451 Sed
1507 3401 1588 3450 ecce

365 3489 506 3567 Sathan,
521 3508 590 3553 non
603 3487 714 3554 ferens
727 3497 861 3555 nostros
877 3497 1033 3567 conatus,
1052 3487 1168 3556 nescio
1180 3509 1266 3573 quos
1281 3486 1415 3575 impulit
1430 3488 1587 3556 libidino-

365 3623 421 3670 sos
433 3612 483 3684 ut,
497 3601 570 3688 ipso
581 3601 637 3669 die
650 3605 691 3669 Β.
707 3601 850 3685 Nicolai‚
866 3604 1047 3688 puerulum
1059 3603 1240 3688 quemdam
1252 3603 1318 3672 iam
1331 3603 1397 3670 iam
1413 3615 1529 3671 natum
1544 3605 1589 3670 ad

365 3729 497 3785 nostras
509 3716 731 3786 confessionis
743 3718 843 3786 sedes
855 3727 1099 3804 supponerent,
1113 3718 1206 3786 haud
1218 3717 1321 3786 dubie
1334 3729 1372 3785 ut
1383 3721 1447 3786 hac
1458 3719 1588 3787 ratione

363 3833 509 3919 aliquem
526 3854 569 3899 ex
584 3833 709 3900 nostris
725 3833 828 3900 huius
842 3831 940 3919 pueri
956 3833 1147 3920 genitorem
1162 3855 1238 3903 esse
1253 3837 1407 3903 crederet
1426 3833 1588 3902 mutabile

339 3939 342 3946 ¹
365 3949 504 4036 uulgus.
528 3949 597 4016 Sed
619 3947 717 4014 nobis
735 3950 831 4017 adest
852 3947 969 4015 diuina
988 3948 1111 4036 gratia,
1135 3970 1223 4034 quae
1238 3971 1300 4036 pro
1316 3949 1415 4018 nobis
1436 3970 1590 4036 pugnare

366 4085 436 4130 non
451 4074 572 4145 cessat,
592 4066 776 4148 hostesque
791 4073 926 4130 nostros
953 4063 1103 4132 uincere.
1133 4065 1177 4130 Et
1203 4063 1342 4149 quidem
1368 4063 1588 4152 diligentibus

368 4181 480 4248 Deum
496 4178 610 4246 omnia
624 4189 851 4265 cooperantur
861 4178 898 4246 in
913 4180 1054 4246 bonum.

437 4312 468 4360 2.
517 4293 640 4362 Rabies
655 4293 758 4360 huius
778 4294 883 4380 pestis
896 4294 1030 4362 uidetur
1046 4296 1146 4363 modo
1162 4306 1301 4383 propter
1322 4295 1425 4362 nimia
1447 4293 1586 4382 frigora,

422 4540 432 4573 ¹
469 4541 542 4611 Ms.,
556 4544 742 4601 factitantes.
