3634 5396
337 514 393 584 658
805 515 912 570 Eers'r.
934 512 968 567 P.
988 512 1102 568 Naum

336 667 492 734 cessariis
507 666 696 733 animarum
713 666 832 733 salutis
848 675 882 733 et
904 663 1007 732 totius
1023 665 1186 734 ecclesiae
1205 662 1407 732 christianae
1428 686 1574 734 summo

341 755 536 858 adiumento
552 778 628 824 esse
643 764 798 856 possunt,
821 753 909 822 Sicut
932 753 1034 822 etiam
1055 753 1251 840 saepissime
1273 776 1315 820 ex
1335 752 1447 820 animo
1464 755 1566 841 cupi-

302 832 311 854 *
343 845 455 912 uimus
475 857 579 929 atque
606 843 708 912 etiam
729 865 821 910 nunc
840 841 1014 928 cupimus,
1037 853 1071 911 et
1091 843 1156 908 illis
1178 843 1313 910 duobus
1332 841 1458 928 optime
1478 864 1565 909 con-

342 945 456 1002 tentae
472 955 602 1001 sumus.
622 935 696 1000 Hos
716 933 803 998 duos
818 931 996 998 nobiscum
1012 931 1249 1012 conduximus,
1268 954 1310 1033 ex
1326 930 1437 998 animo
1453 933 1566 998 confi-

241 1027 245 1034 '
343 1025 464 1091 dentes
479 1033 514 1090 et
529 1033 705 1108 sperantes
720 1023 829 1087 Tuam
846 1019 1083 1088 Reuerentiam
1105 1019 1202 1088 nobis
1221 1020 1371 1106 quinque
1390 1019 1572 1086 sororibus

342 1123 492 1177 nostram
509 1114 596 1176 hanc
613 1111 749 1176 filialem
765 1109 939 1176 audaciam
956 1131 1027 1175 non
1041 1109 1129 1176 male
1145 1109 1454 1194 interpretaturam3
1470 1109 1568 1194 quod

343 1222 426 1268 sane
442 1199 585 1266 fecimus
602 1211 772 1284 tamquam
789 1219 922 1282 semper
942 1197 1068 1299 optime
1083 1219 1270 1283 propensae
1293 1197 1380 1264 filiae
1400 1199 1441 1263 T.
1460 1199 1505 1264 D.
1525 1218 1568 1264 ac

344 1288 523 1358 societatis
536 1289 726 1354 uniuersae.
742 1289 822 1355 Non
832 1285 1046 1352 dubitamus
1038 1297 1153 1370 ltaque
1164 1289 1230 1351 hoc
1241 1286 1442 1371 placiturum
1452 1289 1493 1352 D.
1508 1288 1568 1366 T.

344 1399 431 1461 quae
447 1377 548 1444 etiam
565 1388 705 1462 paterne
721 1375 810 1441 idem
826 1374 1024 1461 approbabit
1040 1386 1073 1442 et
1089 1375 1314 1442 confirmabit.

377 1467 515 1551 Quod
530 1476 644 1534 autem
659 1465 726 1531 iarn
743 1463 930 1532 scribamus
946 1464 988 1530 ad
1004 1466 1047 1529 D.
1067 1465 1122 1544 T.‚
1138 1484 1241 1530 causa
1251 1472 1303 1531 est
1313 1465 1410 1543 haec,
1425 1463 1505 1547 quia
1523 1461 1569 1526 ti-

344 1576 475 1621 memus
492 1575 535 1621 ne
551 1557 593 1620 D
613 1556 655 1620 T.
674 1553 774 1620 nobis
791 1556 853 1619 hos
867 1554 956 1618 duos
971 1551 1185 1636 supradictos
1205 1562 1264 1618 aut
1284 1553 1426 1618 alterum
1442 1574 1486 1619 ex
1501 1551 1576 1616 illiS

345 1643 477 1710 auferat
489 1653 524 1710 et
536 1653 670 1721 auocet,
685 1643 777 1726 quod
788 1642 939 1727 profecto
952 1641 1050 1706 nobis
1065 1651 1156 1708 esset
1167 1661 1380 1726 summopere
1392 1639 1568 1726 ingratum

345 1753 385 1798 ac
401 1730 607 1797 contrarium
614 1729 1010 1815 ,incommodissimeque
1025 1729 1204 1798 accideret.
1221 1732 1447 1816 Quapropter,
1460 1749 1568 1796 vene-

347 1821 452 1888 rande
469 1822 626 1888 Paterae
642 1819 790 1898 domine,
808 1839 942 1885 summo
957 1817 1070 1885 studio
1086 1839 1205 1885 omnes
1225 1817 1291 1885 iam
1313 1828 1347 1886 et
1362 1838 1494 1902 semper
1510 1838 1568 1882 ro-

347 1931 481 1995 gamuS,
499 1908 789 1976 confidentissime
804 1918 906 1992 atque
921 1929 964 1974 ex
984 1907 1096 1973 animo
1116 1906 1326 1993 petimusT
1349 1909 1393 1972 D.
1412 1917 1451 1972 ut
1467 1904 1574 1971 nobis

348 2020 482 2099 semper
497 2000 560 2065 hos
575 1999 662 2064 duos
677 1995 867 2064 nominatos
883 1996 925 2062 de
942 1995 1123 2075 Societate,
1141 1995 1299 2062 nimirum
1312 1997 1471 2084 loannem
1487 1993 1570 2060 Dir—

349 2087 436 2172 sium
453 2097 487 2154 et
504 2089 713 2168 Hermetem,
733 2085 899 2169 relinquat
915 2095 1049 2151 nostros
1065 2083 1319 2151 concionatores
1339 2105 1379 2149 ac
1394 2085 1572 2151 contessa-

349 2173 429 2255 rios,
447 2196 486 2241 ac
503 2175 538 2240 in
554 2174 670 2240 multis
685 2174 758 2240 aliis
775 2175 877 2241 rebus
894 2172 992 2239 utiles
1006 2172 1176 2258 operarios
1192 2183 1295 2258 atque
1314 2172 1503 2254 adiutoreS,
1522 2171 1571 2238 si-

349 2274 409 2330 cut
424 2275 459 2330 et
474 2266 640 2332 hactenus
655 2285 755 2330 omne
770 2261 942 2348 refugium
957 2273 1110 2328 nostrum
1123 2261 1157 2327 in
1170 2263 1271 2328 rebus
1283 2259 1514 2346 spiritualibus
1526 2261 1573 2325 ad

349 2373 409 2420 eos
423 2351 615 2419 habuimus.
635 2353 746 2453 Quod·
755 2372 836 2417 uero
851 2353 915 2417 hos
929 2372 1032 2435 supra
1047 2349 1156 2416 dictos
1171 2351 1257 2416 duos
1269 2349 1427 2450 petimus,
1444 2368 1572 2449 causae

351 2454 513 2527 urgentes
529 2453 563 2509 et
579 2440 789 2508 necessariae
805 2461 867 2505 nos
884 2440 927 2506 ad
941 2437 976 2504 id
997 2449 1149 2506 mouent.
1168 2439 1295 2520 Primo,
1312 2437 1391 2523 quia
1406 2437 1473 2504 iam
1487 2435 1577 2523 ipsis

350 2540 506 2598 assuetae
522 2551 640 2595 sumus
656 2528 813 2596 omnibus
829 2528 865 2593 in
880 2530 993 2609 rebus,
1011 2549 1100 2612 quae
1120 2528 1163 2594 ad
1183 2527 1313 2594 animae
1333 2528 1476 2594 salutem
1491 2547 1572 2611 spe·
1590 2594 1599 2602 ,

352 2629 457 2684 etant.
477 2621 571 2685 Tota
579 2619 680 2686 etiarn
702 2619 780 2684 aula
799 2616 848 2684 eis
868 2617 915 2682 ita
937 2626 989 2685 est
1009 2617 1143 2682 addicta
1165 2628 1199 2684 et
1218 2617 1373 2696 adheret,
1397 2625 1572 2682 uteorum

351 2729 453 2792 opera
465 2728 580 2774 carere
591 2708 707 2774 nollet.
717 2710 903 2776 ,Praeterea
916 2705 978 2770 toti
990 2704 1146 2791 regimini
1159 2703 1444 2771 consultissimum
1458 2703 1573 2769 uisum

352 2808 405 2864 est
422 2807 458 2860 ut
475 2798 538 2862 hos
553 2797 640 2862 duos
656 2815 887 2875 seruaremus,
910 2813 988 2859 cum
1009 2794 1084 2860 sint·
1100 2792 1268 2880 germani,
1290 2793 1381 2878 quod
1402 2793 1490 2878 apud
1508 2811 1577 2857 nos

352 2884 488 2970 penitus
504 2896 538 2950 et
554 2884 686 2952 summe
706 2894 759 2952 est
779 2882 1005 2950 necessarium
1029 2881 1322 2965 utilissimumque.
1347 2882 1488 2966 Insuper
1507 2901 1576 2946 nos

352 2995 485 3040 sorores
512 2973 558 3038 ita
581 2973 693 3040 animo
716 2971 954 3038 constituimus
977 2981 1094 3037 nostro
1117 2981 1151 3038 et
1174 2970 1417 3048 conclusimuS,
1444 2979 1573 3034 utnon

352 3061 438 3140 aliis,
457 3083 558 3145 quam
574 3061 627 3127 his
642 3061 777 3127 duobus
793 3082 894 3146 supra
907 3059 1088 3126 nominatis
1109 3058 1216 3161 (aliter
1237 3061 1349 3127 facere
1368 3057 1466 3124 nobis
1482 3067 1576 3125 esset

353 3171 486 3216 Summe
512 3149 733 3236 contrarium)
757 3149 910 3216 confiteri
934 3149 1095 3229 uelimuS,
1122 3169 1161 3214 ac
1185 3148 1219 3213 in
1243 3146 1403 3214 consiliis
1413 3144 1575 3233 spiritua-

353 3239 443 3304 libus
469 3238 647 3306 subiicere.
675 3241 725 3304 Eo
748 3248 862 3304 autern
884 3237 1044 3304 libentius
1067 3239 1130 3303 hos
1152 3238 1239 3304 duos
1261 3238 1425 3302 habemus
1447 3255 1488 3300 ac
1511 3258 1577 3320 pe-

355 3327 474 3407 timuS,
505 3329 595 3410 quod
627 3326 702 3412 piae
727 3325 910 3393 memoriae
935 3337 1029 3411 pater
1060 3336 1193 3406 noster,
1221 3323 1473 3426 probissimus
1464 3345 1576 3408 tmpe-

355 3427 445 3481 rator
472 3415 722 3495 FerdinanduS,
752 3418 814 3482 hos
842 3415 939 3504 nobis
960 3414 1214 3516 desigrrauerit,
1242 3413 1439 3492 nominarit,
1468 3433 1508 3477 ac
1536 3425 1578 3477 ut

356 3505 580 3606 confessarios
604 3527 663 3572 eos
685 3488 949 3604 susciperemus
958 3503 1104 3570 iusserit.
1118 3505 1280 3604 'Egemus
1299 3501 1387 3568 enim
1412 3499 1579 3586 operariis

357 3593 539 3678 germanis
566 3603 600 3661 et
625 3593 759 3672 talibus
782 3592 839 3693 qui
861 3592 991 3676 possint
1014 3591 1144 3658 miseris
1165 3591 1341 3658 animabus
1362 3609 1576 3656 succurrere.

357 3683 412 3748 Ad
444 3685 549 3762 haee,
579 3703 712 3748 summa
737 3680 844 3767 exigit
871 3681 1054 3748 necessitas
1083 3690 1121 3746 ut
1147 3682 1211 3746 hos
1238 3681 1327 3745 duos
1353 3677 1577 3778 retineamus,

357 3783 412 3852 ut,
437 3771 466 3837 Si
490 3773 625 3855 quando
651 3770 800 3856 postulat
825 3769 1008 3836 necessitas
1032 3767 1235 3835 infirmitatis
1262 3766 1401 3833 alterius
1424 3765 1517 3848 (uti
1509 3788 1579 3832 ram

357 3859 565 3960 experientia
585 3859 724 3943 docuit),
744 3868 780 3923 ut
802 3859 886 3924 alter
906 3857 1044 3926 alterius
1060 3859 1181 3924 subeat
1201 3858 1324 3936 locum,
1342 3855 1580 3922 concionando

358 3959 391 4016 et
414 3947 535 4013 similia
555 3949 778 4033 praestand0,
804 3967 891 4030 quae
911 3947 954 4012 ad
973 3947 1102 4013 cultum
1124 3945 1277 4013 diuinum
1298 3944 1479 4031 pertinent
1503 3943 1580 4010 Nos

358 4037 448 4103 enim
470 4058 538 4101 non
565 4036 709 4103 libenter
732 4038 807 4121 (nec
830 4034 931 4102 etiam
959 4036 1122 4135 solemus)
1152 4034 1299 4100 uiuimus
1326 4035 1454 4118 absque
1480 4032 1580 4098 cultu

357 4125 474 4196 diuino
491 4147 530 4191 ac
546 4125 714 4190 ordinaria
729 4124 904 4202 concione,
924 4133 961 4188 ut
978 4147 997 4190 a
1013 4123 1191 4190 iuuentute
1207 4144 1317 4208 usque
1332 4123 1443 4188 facere
1457 4141 1582 4188 sumus

357 4213 487 4294 solitae,
507 4235 547 4279 ac
563 4214 663 4314 etiam
685 4234 777 4279 nunc
793 4211 935 4299 rigidius
951 4215 1043 4279 hunc
1059 4211 1262 4279 catholicum
1279 4210 1379 4277 ritum
1400 4229 1586 4276 seruamus

358 4325 398 4370 ac
425 4303 535 4404 magis
562 4301 739 4388 magisque
765 4322 952 4368 Seruarec
933 4301 1176 4370 contendimus.
1205 4304 1384 4368 Praeterea
1412 4307 1505 4366 tanta
1524 4308 1584 4364 est

358 4392 456 4475 copia
475 4391 660 4458 aulicorum
684 4402 876 4457 nostrorum
900 4390 1077 4475 utriusque
1100 4411 1217 4469 sexus,
1239 4401 1277 4455 ut
1304 4409 1392 4455 unus
1418 4386 1586 4453 omnibus

358 4479 553 4548 satisfacere
569 4501 610 4546 ex
626 4501 736 4564 aequo
751 4481 845 4545 nullo
862 4480 964 4544 modo
983 4479 1097 4564 possit,
1112 4479 1342 4545 confessiones
1357 4475 1528 4544 audiendo
1545 4485 1586 4542 et

359 4567 393 4633 id
414 4591 524 4653 genus
552 4569 616 4635 alia
643 4569 853 4652 exequend0‚
877 4569 928 4634 uti
948 4579 1063 4654 aperte
1083 4567 1182 4634 nobis
1202 4565 1410 4653 experientia
1429 4575 1583 4648 constat;

368 4678 459 4722 mmo
485 4679 569 4724 uero
597 4657 709 4744 potius
735 4657 963 4724 necessarium
991 4667 1081 4724 esset
1109 4667 1147 4722 ut
1174 4657 1288 4742 plures
1308 4656 1511 4722 haberemus
1538 4673 1586 4720 ex
