<?xml version="1.0" encoding="UTF-8"?>
<!DOCTYPE html PUBLIC "-//W3C//DTD XHTML 1.0 Transitional//EN"
    "http://www.w3.org/TR/xhtml1/DTD/xhtml1-transitional.dtd">
<html xmlns="http://www.w3.org/1999/xhtml" xml:lang="en" lang="en">
 <head>
  <title>
</title>
<meta http-equiv="Content-Type" content="text/html;charset=utf-8" />
  <meta name='ocr-system' content='tesseract 3.04.00' />
  <meta name='ocr-capabilities' content='ocr_page ocr_carea ocr_par ocr_line ocrx_word'/>
</head>
<body>
  <div class='ocr_page' id='page_1' title='image "./epistolaephiero00nadagoog_0647.png"; bbox 0 0 3544 5390; ppageno 0'>
   <div class='ocr_carea' id='block_1_1' title="bbox 411 483 1173 553">
    <p class='ocr_par' dir='ltr' id='par_1_1' title="bbox 411 483 1173 553">
     <span class='ocr_line' id='line_1_1' title="bbox 411 483 1173 553; baseline 0.005 -4"><span class='ocrx_word' id='word_1_1' title='bbox 411 486 466 550; x_wconf 84' lang='lat'><strong>620</strong></span> <span class='ocrx_word' id='word_1_2' title='bbox 876 485 979 551; x_wconf 79' lang='lat' dir='ltr'><strong>Ensr.</strong></span> <span class='ocrx_word' id='word_1_3' title='bbox 999 483 1036 551; x_wconf 82' lang='lat' dir='ltr'><strong>P.</strong></span> <span class='ocrx_word' id='word_1_4' title='bbox 1059 485 1173 553; x_wconf 72' lang='lat' dir='ltr'><strong>Narrat</strong></span> 
     </span>
    </p>
   </div>
   <div class='ocr_carea' id='block_1_2' title="bbox 412 645 1615 1898">
    <p class='ocr_par' dir='ltr' id='par_1_2' title="bbox 412 645 1615 1898">
     <span class='ocr_line' id='line_1_2' title="bbox 414 645 1615 737; baseline 0.001 -23"><span class='ocrx_word' id='word_1_5' title='bbox 414 659 452 714; x_wconf 94' lang='lat' dir='ltr'><strong>ut</strong></span> <span class='ocrx_word' id='word_1_6' title='bbox 467 646 557 715; x_wconf 92' lang='lat' dir='ltr'><strong>illius</strong></span> <span class='ocrx_word' id='word_1_7' title='bbox 579 645 706 735; x_wconf 86' lang='lat' dir='ltr'><strong>accipe,</strong></span> <span class='ocrx_word' id='word_1_8' title='bbox 724 658 759 716; x_wconf 93' lang='lat' dir='ltr'><strong>et</strong></span> <span class='ocrx_word' id='word_1_9' title='bbox 779 657 858 717; x_wconf 91' lang='lat' dir='ltr'><strong>tuae</strong></span> <span class='ocrx_word' id='word_1_10' title='bbox 877 646 1123 717; x_wconf 84' lang='lat' dir='ltr'><strong>benedictionis</strong></span> <span class='ocrx_word' id='word_1_11' title='bbox 1143 647 1324 737; x_wconf 84' lang='lat' dir='ltr'><strong>participes</strong></span> <span class='ocrx_word' id='word_1_12' title='bbox 1344 668 1407 716; x_wconf 93' lang='lat' dir='ltr'><strong>nos</strong></span> <span class='ocrx_word' id='word_1_13' title='bbox 1430 647 1544 718; x_wconf 86' lang='lat' dir='ltr'><strong>redde.</strong></span> <span class='ocrx_word' id='word_1_14' title='bbox 1565 647 1615 716; x_wconf 84' lang='lat' dir='ltr'><strong>Est</strong></span> 
     </span>
     <span class='ocr_line' id='line_1_3' title="bbox 413 736 1614 827; baseline 0.002 -24"><span class='ocrx_word' id='word_1_15' title='bbox 413 736 449 803; x_wconf 93' lang='lat' dir='ltr'><strong>in</strong></span> <span class='ocrx_word' id='word_1_16' title='bbox 464 739 529 804; x_wconf 91' lang='lat' dir='ltr'><strong>hac</strong></span> <span class='ocrx_word' id='word_1_17' title='bbox 543 739 644 804; x_wconf 92' lang='lat' dir='ltr'><strong>domo</strong></span> <span class='ocrx_word' id='word_1_18' title='bbox 659 737 849 805; x_wconf 87' lang='lat' dir='ltr'><strong>louaniensi</strong></span> <span class='ocrx_word' id='word_1_19' title='bbox 864 739 983 804; x_wconf 94' lang='lat' dir='ltr'><strong>doctor</strong></span> <span class='ocrx_word' id='word_1_20' title='bbox 999 737 1147 826; x_wconf 89' lang='lat' dir='ltr'><strong>quidam,</strong></span> <span class='ocrx_word' id='word_1_21' title='bbox 1165 739 1344 808; x_wconf 89' lang='lat' dir='ltr'><strong>Societatis</strong></span> <span class='ocrx_word' id='word_1_22' title='bbox 1361 739 1545 827; x_wconf 82' lang='lat' dir='ltr'><strong>professus,</strong></span> <span class='ocrx_word' id='word_1_23' title='bbox 1561 739 1614 806; x_wconf 93' lang='lat' dir='ltr'><strong>Ni-</strong></span> 
     </span>
     <span class='ocr_line' id='line_1_4' title="bbox 413 825 1614 917; baseline 0.002 -24"><span class='ocrx_word' id='word_1_24' title='bbox 413 828 529 894; x_wconf 88' lang='lat' dir='ltr'><strong>colaus</strong></span> <span class='ocrx_word' id='word_1_25' title='bbox 545 828 734 896; x_wconf 87' lang='lat' dir='ltr'><strong>Gaudanus</strong></span> <span class='ocrx_word' id='word_1_26' title='bbox 749 827 897 910; x_wconf 89' lang='lat' dir='ltr'><strong>nomine,</strong></span> <span class='ocrx_word' id='word_1_27' title='bbox 916 827 974 914; x_wconf 92' lang='lat' dir='ltr'><strong>qui</strong></span> <span class='ocrx_word' id='word_1_28' title='bbox 990 825 1054 894; x_wconf 91' lang='lat' dir='ltr'><strong>sibi</strong></span> <span class='ocrx_word' id='word_1_29' title='bbox 1070 851 1171 895; x_wconf 89' lang='lat' dir='ltr'><strong>vnam</strong></span> <span class='ocrx_word' id='word_1_30' title='bbox 1192 828 1374 917; x_wconf 84' lang='lat' dir='ltr'><strong>imaginem</strong></span> <span class='ocrx_word' id='word_1_31' title='bbox 1394 852 1413 896; x_wconf 90' lang='lat' dir='ltr'><strong>a</strong></span> <span class='ocrx_word' id='word_1_32' title='bbox 1430 831 1505 914; x_wconf 81' lang='lat' dir='ltr'><strong>Tua</strong></span> <span class='ocrx_word' id='word_1_33' title='bbox 1519 832 1614 896; x_wconf 88' lang='lat' dir='ltr'><strong>Reve-</strong></span> 
     </span>
     <span class='ocr_line' id='line_1_5' title="bbox 414 916 1613 1006; baseline 0.002 -24"><span class='ocrx_word' id='word_1_34' title='bbox 414 917 519 982; x_wconf 89' lang='lat' dir='ltr'><strong>renda</strong></span> <span class='ocrx_word' id='word_1_35' title='bbox 541 916 750 984; x_wconf 87' lang='lat' dir='ltr'><strong>Paternitate</strong></span> <span class='ocrx_word' id='word_1_36' title='bbox 769 917 856 984; x_wconf 92' lang='lat' dir='ltr'><strong>mitti</strong></span> <span class='ocrx_word' id='word_1_37' title='bbox 876 929 936 982; x_wconf 91' lang='lat' dir='ltr'><strong>tuo</strong></span> <span class='ocrx_word' id='word_1_38' title='bbox 951 916 1148 1004; x_wconf 86' lang='lat' dir='ltr'><strong>insignitam</strong></span> <span class='ocrx_word' id='word_1_39' title='bbox 1163 919 1300 1004; x_wconf 77' lang='lat' dir='ltr'><strong>nomine</strong></span> <span class='ocrx_word' id='word_1_40' title='bbox 1321 929 1420 1006; x_wconf 89' lang='lat' dir='ltr'><strong>rogat</strong></span> <span class='ocrx_word' id='word_1_41' title='bbox 1441 940 1538 1004; x_wconf 91' lang='lat' dir='ltr'><strong>quam</strong></span> <span class='ocrx_word' id='word_1_42' title='bbox 1552 940 1613 984; x_wconf 87' lang='lat' dir='ltr'><strong>ma-</strong></span> 
     </span>
     <span class='ocr_line' id='line_1_6' title="bbox 413 1004 1612 1095; baseline 0.002 -25"><span class='ocrx_word' id='word_1_43' title='bbox 413 1004 502 1072; x_wconf 85' lang='lat' dir='ltr'><strong>xime</strong></span> <span class='ocrx_word' id='word_1_44' title='bbox 518 1015 642 1092; x_wconf 87' lang='lat' dir='ltr'><strong>potest.</strong></span> <span class='ocrx_word' id='word_1_45' title='bbox 661 1007 815 1074; x_wconf 87' lang='lat' dir='ltr'><strong>Obsecro</strong></span> <span class='ocrx_word' id='word_1_46' title='bbox 834 1028 952 1074; x_wconf 89' lang='lat' dir='ltr'><strong>eorum</strong></span> <span class='ocrx_word' id='word_1_47' title='bbox 972 1015 1110 1074; x_wconf 89' lang='lat' dir='ltr'><strong>sanctae</strong></span> <span class='ocrx_word' id='word_1_48' title='bbox 1129 1007 1295 1075; x_wconf 89' lang='lat' dir='ltr'><strong>voluntati</strong></span> <span class='ocrx_word' id='word_1_49' title='bbox 1315 1030 1375 1095; x_wconf 88' lang='lat' dir='ltr'><strong>per</strong></span> <span class='ocrx_word' id='word_1_50' title='bbox 1396 1011 1504 1075; x_wconf 94' lang='lat' dir='ltr'><strong>Tuam</strong></span> <span class='ocrx_word' id='word_1_51' title='bbox 1519 1010 1612 1075; x_wconf 90' lang='lat' dir='ltr'><strong>Reve-</strong></span> 
     </span>
     <span class='ocr_line' id='line_1_7' title="bbox 413 1094 1610 1184; baseline 0.001 -24"><span class='ocrx_word' id='word_1_52' title='bbox 413 1096 553 1162; x_wconf 90' lang='lat' dir='ltr'><strong>rendam</strong></span> <span class='ocrx_word' id='word_1_53' title='bbox 567 1094 975 1181; x_wconf 62' lang='lat' dir='ltr'><strong>Patemitatemfsatisfiat,</strong></span> <span class='ocrx_word' id='word_1_54' title='bbox 993 1117 1061 1162; x_wconf 91' lang='lat' dir='ltr'><strong>non</strong></span> <span class='ocrx_word' id='word_1_55' title='bbox 1072 1097 1194 1183; x_wconf 88' lang='lat' dir='ltr'><strong>grandi</strong></span> <span class='ocrx_word' id='word_1_56' title='bbox 1210 1097 1407 1184; x_wconf 87' lang='lat' dir='ltr'><strong>interposita</strong></span> <span class='ocrx_word' id='word_1_57' title='bbox 1422 1119 1525 1165; x_wconf 90' lang='lat' dir='ltr'><strong>mora.</strong></span> <span class='ocrx_word' id='word_1_58' title='bbox 1537 1099 1610 1184; x_wconf 82' lang='lat' dir='ltr'><strong>Ego,</strong></span> 
     </span>
     <span class='ocr_line' id='line_1_8' title="bbox 413 1183 1609 1272; baseline 0.003 -23"><span class='ocrx_word' id='word_1_59' title='bbox 413 1185 472 1270; x_wconf 93' lang='lat' dir='ltr'><strong>qui</strong></span> <span class='ocrx_word' id='word_1_60' title='bbox 487 1187 549 1251; x_wconf 89' lang='lat' dir='ltr'><strong>has</strong></span> <span class='ocrx_word' id='word_1_61' title='bbox 564 1183 688 1266; x_wconf 85' lang='lat' dir='ltr'><strong>scribe,</strong></span> <span class='ocrx_word' id='word_1_62' title='bbox 703 1186 798 1254; x_wconf 88' lang='lat' dir='ltr'><strong>Tuae</strong></span> <span class='ocrx_word' id='word_1_63' title='bbox 809 1184 1030 1254; x_wconf 87' lang='lat' dir='ltr'><strong>Paternitatis</strong></span> <span class='ocrx_word' id='word_1_64' title='bbox 1044 1186 1202 1272; x_wconf 89' lang='lat' dir='ltr'><strong>precibus</strong></span> <span class='ocrx_word' id='word_1_65' title='bbox 1213 1209 1270 1254; x_wconf 91' lang='lat' dir='ltr'><strong>me</strong></span> <span class='ocrx_word' id='word_1_66' title='bbox 1280 1208 1322 1252; x_wconf 87' lang='lat' dir='ltr'><strong>ex</strong></span> <span class='ocrx_word' id='word_1_67' title='bbox 1334 1185 1448 1254; x_wconf 91' lang='lat' dir='ltr'><strong>animo</strong></span> <span class='ocrx_word' id='word_1_68' title='bbox 1458 1208 1609 1254; x_wconf 86' lang='lat' dir='ltr'><strong>commen·</strong></span> 
     </span>
     <span class='ocr_line' id='line_1_9' title="bbox 412 1273 1612 1364; baseline 0.001 -25"><span class='ocrx_word' id='word_1_69' title='bbox 412 1275 468 1340; x_wconf 94' lang='lat' dir='ltr'><strong>do.</strong></span> <span class='ocrx_word' id='word_1_70' title='bbox 487 1275 613 1342; x_wconf 87' lang='lat' dir='ltr'><strong>Nostro</strong></span> <span class='ocrx_word' id='word_1_71' title='bbox 629 1297 671 1342; x_wconf 85' lang='lat' dir='ltr'><strong>ex</strong></span> <span class='ocrx_word' id='word_1_72' title='bbox 687 1274 822 1341; x_wconf 90' lang='lat' dir='ltr'><strong>nomine</strong></span> <span class='ocrx_word' id='word_1_73' title='bbox 838 1278 953 1342; x_wconf 89' lang='lat' dir='ltr'><strong>Marco</strong></span> <span class='ocrx_word' id='word_1_74' title='bbox 970 1284 1029 1340; x_wconf 92' lang='lat' dir='ltr'><strong>tuo</strong></span> <span class='ocrx_word' id='word_1_75' title='bbox 1044 1276 1188 1342; x_wconf 90' lang='lat' dir='ltr'><strong>salutem</strong></span> <span class='ocrx_word' id='word_1_76' title='bbox 1199 1273 1384 1364; x_wconf 89' lang='lat' dir='ltr'><strong>impartire,</strong></span> <span class='ocrx_word' id='word_1_77' title='bbox 1398 1279 1501 1344; x_wconf 91' lang='lat' dir='ltr'><strong>Pater</strong></span> <span class='ocrx_word' id='word_1_78' title='bbox 1511 1277 1612 1342; x_wconf 88' lang='lat' dir='ltr'><strong>admo-</strong></span> 
     </span>
     <span class='ocr_line' id='line_1_10' title="bbox 413 1362 1612 1452; baseline 0 -24"><span class='ocrx_word' id='word_1_79' title='bbox 413 1364 496 1429; x_wconf 91' lang='lat' dir='ltr'><strong>dum</strong></span> <span class='ocrx_word' id='word_1_80' title='bbox 512 1363 721 1431; x_wconf 88' lang='lat' dir='ltr'><strong>Reverende.</strong></span> <span class='ocrx_word' id='word_1_81' title='bbox 746 1365 856 1432; x_wconf 88' lang='lat' dir='ltr'><strong>Datae</strong></span> <span class='ocrx_word' id='word_1_82' title='bbox 876 1362 1031 1444; x_wconf 91' lang='lat' dir='ltr'><strong>Louanii,</strong></span> <span class='ocrx_word' id='word_1_83' title='bbox 1059 1365 1097 1431; x_wconf 92' lang='lat'><strong>18</strong></span> <span class='ocrx_word' id='word_1_84' title='bbox 1118 1363 1246 1452; x_wconf 86' lang='lat' dir='ltr'><strong>Aprilis</strong></span> <span class='ocrx_word' id='word_1_85' title='bbox 1273 1366 1367 1450; x_wconf 83' lang='lat'><strong>1563.</strong></span> <span class='ocrx_word' id='word_1_86' title='bbox 1391 1367 1433 1432; x_wconf 94' lang='lat' dir='ltr'><strong>T.</strong></span> <span class='ocrx_word' id='word_1_87' title='bbox 1460 1368 1500 1432; x_wconf 88' lang='lat' dir='ltr'><strong>R.</strong></span> <span class='ocrx_word' id='word_1_88' title='bbox 1518 1369 1554 1433; x_wconf 93' lang='lat' dir='ltr'><strong>P.</strong></span> <span class='ocrx_word' id='word_1_89' title='bbox 1569 1364 1612 1430; x_wconf 94' lang='lat' dir='ltr'><strong>in-</strong></span> 
     </span>
     <span class='ocr_line' id='line_1_11' title="bbox 415 1449 1205 1542; baseline 0.004 -25"><span class='ocrx_word' id='word_1_90' title='bbox 415 1449 543 1540; x_wconf 88' lang='lat' dir='ltr'><strong>dignus</strong></span> <span class='ocrx_word' id='word_1_91' title='bbox 564 1451 656 1520; x_wconf 90' lang='lat' dir='ltr'><strong>filius</strong></span> <span class='ocrx_word' id='word_1_92' title='bbox 675 1463 710 1520; x_wconf 93' lang='lat' dir='ltr'><strong>et</strong></span> <span class='ocrx_word' id='word_1_93' title='bbox 725 1475 847 1522; x_wconf 88' lang='lat' dir='ltr'><strong>seruus</strong></span> <span class='ocrx_word' id='word_1_94' title='bbox 862 1450 897 1520; x_wconf 94' lang='lat' dir='ltr'><strong>in</strong></span> <span class='ocrx_word' id='word_1_95' title='bbox 917 1452 982 1520; x_wconf 86' lang='lat' dir='ltr'><strong>X.⁰</strong></span> <span class='ocrx_word' id='word_1_96' title='bbox 1001 1453 1093 1519; x_wconf 91' lang='lat' dir='ltr'><strong>dulci</strong></span> <span class='ocrx_word' id='word_1_97' title='bbox 1109 1456 1205 1542; x_wconf 88' lang='lat' dir='ltr'><strong>Jesu,</strong></span> 
     </span>
     <span class='ocr_line' id='line_1_12' title="bbox 882 1543 1494 1612; baseline -0.002 -2"><span class='ocrx_word' id='word_1_98' title='bbox 882 1545 1029 1610; x_wconf 75' lang='lat' dir='ltr'><strong>Parrus</strong></span> <span class='ocrx_word' id='word_1_99' title='bbox 1053 1543 1279 1612; x_wconf 80' lang='lat' dir='ltr'><strong>Cnmsrruus</strong></span> <span class='ocrx_word' id='word_1_100' title='bbox 1303 1565 1351 1610; x_wconf 79' lang='lat' dir='ltr'><strong>os</strong></span> <span class='ocrx_word' id='word_1_101' title='bbox 1365 1545 1494 1610; x_wconf 80' lang='lat' dir='ltr'><strong>N1zzn.</strong></span> 
     </span>
     <span class='ocr_line' id='line_1_13' title="bbox 478 1629 1611 1722; baseline -0.004 -24"><span class='ocrx_word' id='word_1_102' title='bbox 478 1632 509 1698; x_wconf 88' lang='lat' dir='ltr'><strong><em>A</em></strong></span> <span class='ocrx_word' id='word_1_103' title='bbox 526 1637 634 1720; x_wconf 76' lang='lat' dir='ltr'><strong>tergo:</strong></span> <span class='ocrx_word' id='word_1_104' title='bbox 649 1630 672 1722; x_wconf 87' lang='lat'>†</span> <span class='ocrx_word' id='word_1_105' title='bbox 687 1632 884 1699; x_wconf 86' lang='lat' dir='ltr'><strong>Admodum</strong></span> <span class='ocrx_word' id='word_1_106' title='bbox 900 1631 983 1698; x_wconf 87' lang='lat' dir='ltr'><strong>R.d0</strong></span> <span class='ocrx_word' id='word_1_107' title='bbox 998 1630 1033 1696; x_wconf 93' lang='lat' dir='ltr'><strong>in</strong></span> <span class='ocrx_word' id='word_1_108' title='bbox 1046 1633 1110 1698; x_wconf 89' lang='lat' dir='ltr'><strong>X.⁰</strong></span> <span class='ocrx_word' id='word_1_109' title='bbox 1121 1634 1206 1720; x_wconf 88' lang='lat' dir='ltr'><strong>Jesu</strong></span> <span class='ocrx_word' id='word_1_110' title='bbox 1218 1631 1323 1711; x_wconf 92' lang='lat' dir='ltr'><strong>Patri,</strong></span> <span class='ocrx_word' id='word_1_111' title='bbox 1340 1631 1434 1699; x_wconf 88' lang='lat' dir='ltr'><strong>Patri</strong></span> <span class='ocrx_word' id='word_1_112' title='bbox 1449 1629 1611 1698; x_wconf 88' lang='lat' dir='ltr'><strong>Francisco</strong></span> 
     </span>
     <span class='ocr_line' id='line_1_14' title="bbox 413 1719 1608 1810; baseline -0.002 -24"><span class='ocrx_word' id='word_1_113' title='bbox 413 1720 574 1808; x_wconf 86' lang='lat' dir='ltr'><strong>Borgiae,</strong></span> <span class='ocrx_word' id='word_1_114' title='bbox 592 1721 821 1788; x_wconf 87' lang='lat' dir='ltr'><strong>commissario</strong></span> <span class='ocrx_word' id='word_1_115' title='bbox 837 1720 986 1808; x_wconf 88' lang='lat' dir='ltr'><strong>generali</strong></span> <span class='ocrx_word' id='word_1_116' title='bbox 1003 1719 1183 1789; x_wconf 88' lang='lat' dir='ltr'><strong>Societatis</strong></span> <span class='ocrx_word' id='word_1_117' title='bbox 1194 1725 1290 1810; x_wconf 89' lang='lat' dir='ltr'><strong>Jesu,</strong></span> <span class='ocrx_word' id='word_1_118' title='bbox 1304 1721 1340 1786; x_wconf 93' lang='lat' dir='ltr'><strong>in</strong></span> <span class='ocrx_word' id='word_1_119' title='bbox 1356 1721 1462 1788; x_wconf 91' lang='lat' dir='ltr'><strong>ltalia.</strong></span> <span class='ocrx_word' id='word_1_120' title='bbox 1484 1723 1608 1788; x_wconf 89' lang='lat' dir='ltr'><strong>Romae.</strong></span> 
     </span>
     <span class='ocr_line' id='line_1_15' title="bbox 412 1809 1507 1898; baseline 0.001 -22"><span class='ocrx_word' id='word_1_121' title='bbox 412 1810 492 1876; x_wconf 84' lang='lat' dir='ltr'><strong>Alia</strong></span> <span class='ocrx_word' id='word_1_122' title='bbox 508 1833 626 1878; x_wconf 79' lang='lat' dir='ltr'><strong>manu:</strong></span> <span class='ocrx_word' id='word_1_123' title='bbox 646 1813 741 1896; x_wconf 84' lang='lat'><strong>1563.</strong></span> <span class='ocrx_word' id='word_1_124' title='bbox 760 1810 925 1878; x_wconf 86' lang='lat' dir='ltr'><strong>Louanio.</strong></span> <span class='ocrx_word' id='word_1_125' title='bbox 945 1809 1059 1877; x_wconf 91' lang='lat' dir='ltr'><strong>Pietro</strong></span> <span class='ocrx_word' id='word_1_126' title='bbox 1075 1811 1119 1878; x_wconf 92' lang='lat' dir='ltr'><strong>de</strong></span> <span class='ocrx_word' id='word_1_127' title='bbox 1135 1809 1252 1878; x_wconf 87' lang='lat' dir='ltr'><strong>Nizza:</strong></span> <span class='ocrx_word' id='word_1_128' title='bbox 1270 1810 1304 1876; x_wconf 94' lang='lat' dir='ltr'><strong>di</strong></span> <span class='ocrx_word' id='word_1_129' title='bbox 1325 1811 1363 1877; x_wconf 92' lang='lat'><strong>18</strong></span> <span class='ocrx_word' id='word_1_130' title='bbox 1379 1809 1507 1898; x_wconf 80' lang='lat' dir='ltr'><strong>Aprile.</strong></span> 
     </span>
    </p>
   </div>
   <div class='ocr_carea' id='block_1_3' title="bbox 685 2033 1356 2258">
    <p class='ocr_par' dir='ltr' id='par_1_3' title="bbox 685 2033 1356 2258">
     <span class='ocr_line' id='line_1_16' title="bbox 954 2033 1090 2122; baseline 0 -22"><span class='ocrx_word' id='word_1_131' title='bbox 954 2033 1035 2102; x_wconf 90' lang='lat' dir='ltr'><strong>XIV</strong></span> <span class='ocrx_word' id='word_1_132' title='bbox 1058 2035 1090 2122; x_wconf 90' lang='lat' dir='ltr'><strong>(a</strong></span> 
     </span>
     <span class='ocr_line' id='line_1_17' title="bbox 685 2181 1356 2258; baseline -0.001 -16"><span class='ocrx_word' id='word_1_133' title='bbox 685 2185 729 2242; x_wconf 84' lang='lat' dir='ltr'><strong>P.</strong></span> <span class='ocrx_word' id='word_1_134' title='bbox 758 2183 993 2258; x_wconf 73' lang='lat' dir='ltr'><strong>joannes</strong></span> <span class='ocrx_word' id='word_1_135' title='bbox 1021 2185 1082 2240; x_wconf 78' lang='lat' dir='ltr'><strong>nn</strong></span> <span class='ocrx_word' id='word_1_136' title='bbox 1110 2181 1356 2242; x_wconf 78' lang='lat' dir='ltr'><strong>Ponnnco</strong></span> 
     </span>
    </p>
   </div>
   <div class='ocr_carea' id='block_1_4' title="bbox 650 2339 1366 2642">
    <p class='ocr_par' dir='ltr' id='par_1_4' title="bbox 650 2339 1366 2642">
     <span class='ocr_line' id='line_1_18' title="bbox 811 2339 1366 2399; baseline -0.005 -11"><span class='ocrx_word' id='word_1_137' title='bbox 811 2339 929 2388; x_wconf 83' lang='lat' dir='ltr'><strong>BEATO</strong></span> <span class='ocrx_word' id='word_1_138' title='bbox 954 2339 1070 2386; x_wconf 82' lang='lat' dir='ltr'><strong>PETRO</strong></span> <span class='ocrx_word' id='word_1_139' title='bbox 1093 2339 1239 2386; x_wconf 87' lang='lat' dir='ltr'><strong>CANISlO</strong></span> <span class='ocrx_word' id='word_1_140' title='bbox 1363 2388 1366 2399; x_wconf 60' lang='grc'><strong><em>,</em></strong></span> 
     </span>
     <span class='ocr_line' id='line_1_19' title="bbox 734 2451 1309 2540; baseline -0.003 -19"><span class='ocrx_word' id='word_1_141' title='bbox 734 2452 900 2535; x_wconf 90' lang='lat' dir='ltr'><strong>Tridenti,</strong></span> <span class='ocrx_word' id='word_1_142' title='bbox 934 2471 976 2520; x_wconf 84' lang='lat' dir='ltr'><strong>ao</strong></span> <span class='ocrx_word' id='word_1_143' title='bbox 1007 2451 1134 2540; x_wconf 89' lang='lat' dir='ltr'><strong>Aprilis</strong></span> <span class='ocrx_word' id='word_1_144' title='bbox 1170 2452 1251 2536; x_wconf 85' lang='lat'><strong>1563</strong></span> <span class='ocrx_word' id='word_1_145' title='bbox 1286 2454 1309 2519; x_wconf 91' lang='lat'><strong>¹.</strong></span> 
     </span>
     <span class='ocr_line' id='line_1_20' title="bbox 650 2583 1287 2642; baseline -0.008 1"><span class='ocrx_word' id='word_1_146' title='bbox 650 2615 653 2623; x_wconf 71' lang='lat'><strong>.</strong></span> <span class='ocrx_word' id='word_1_147' title='bbox 754 2585 801 2642; x_wconf 81' lang='lat' dir='ltr'><strong>De</strong></span> <span class='ocrx_word' id='word_1_148' title='bbox 813 2587 989 2642; x_wconf 80' lang='lat' dir='ltr'><strong>catechismo</strong></span> <span class='ocrx_word' id='word_1_149' title='bbox 1002 2587 1040 2642; x_wconf 89' lang='grc' dir='ltr'><strong>Β.</strong></span> <span class='ocrx_word' id='word_1_150' title='bbox 1054 2585 1143 2640; x_wconf 72' lang='lat' dir='ltr'><strong>Petri</strong></span> <span class='ocrx_word' id='word_1_151' title='bbox 1158 2583 1287 2640; x_wconf 71' lang='lat' dir='ltr'><strong>canisii.</strong></span> 
     </span>
    </p>
   </div>
   <div class='ocr_carea' id='block_1_5' title="bbox 409 2695 1607 3041">
    <p class='ocr_par' dir='ltr' id='par_1_5' title="bbox 409 2695 1607 3041">
     <span class='ocr_line' id='line_1_21' title="bbox 536 2695 1606 2790; baseline -0.012 -18.657"><span class='ocrx_word' id='word_1_152' title='bbox 536 2703 636 2773; x_wconf 90' lang='lat' dir='ltr'><strong>Circa</strong></span> <span class='ocrx_word' id='word_1_153' title='bbox 651 2704 684 2770; x_wconf 91' lang='lat' dir='ltr'><strong>la</strong></span> <span class='ocrx_word' id='word_1_154' title='bbox 699 2702 924 2790; x_wconf 87' lang='lat' dir='ltr'><strong>ricognitione</strong></span> <span class='ocrx_word' id='word_1_155' title='bbox 936 2703 990 2768; x_wconf 90' lang='lat' dir='ltr'><strong>del</strong></span> <span class='ocrx_word' id='word_1_156' title='bbox 1006 2700 1212 2770; x_wconf 89' lang='lat' dir='ltr'><strong>catechismo</strong></span> <span class='ocrx_word' id='word_1_157' title='bbox 1223 2699 1251 2768; x_wconf 90' lang='lat' dir='ltr'><strong>si</strong></span> <span class='ocrx_word' id='word_1_158' title='bbox 1264 2700 1332 2786; x_wconf 85' lang='lat' dir='ltr'><strong>pud</strong></span> <span class='ocrx_word' id='word_1_159' title='bbox 1345 2699 1396 2766; x_wconf 82' lang='lat' dir='ltr'><strong>iar</strong></span> <span class='ocrx_word' id='word_1_160' title='bbox 1407 2698 1442 2765; x_wconf 92' lang='lat' dir='ltr'><strong>di</strong></span> <span class='ocrx_word' id='word_1_161' title='bbox 1454 2700 1486 2765; x_wconf 75' lang='lat' dir='ltr'><strong>la</strong></span> <span class='ocrx_word' id='word_1_162' title='bbox 1500 2695 1546 2764; x_wconf 74' lang='grc' dir='ltr'><strong>οἱὸ</strong></span> <span class='ocrx_word' id='word_1_163' title='bbox 1556 2697 1606 2762; x_wconf 89' lang='lat' dir='ltr'><strong>che</strong></span> 
     </span>
     <span class='ocr_line' id='line_1_22' title="bbox 411 2784 1606 2875; baseline -0.012 -13"><span class='ocrx_word' id='word_1_164' title='bbox 411 2796 579 2864; x_wconf 91' lang='lat' dir='ltr'><strong>conuiene</strong></span> <span class='ocrx_word' id='word_1_165' title='bbox 594 2815 696 2862; x_wconf 90' lang='lat' dir='ltr'><strong>senza</strong></span> <span class='ocrx_word' id='word_1_166' title='bbox 711 2792 916 2859; x_wconf 77' lang='lat' dir='ltr'><strong>mandarloa</strong></span> <span class='ocrx_word' id='word_1_167' title='bbox 932 2793 975 2859; x_wconf 93' lang='lat' dir='ltr'><strong>N.</strong></span> <span class='ocrx_word' id='word_1_168' title='bbox 991 2793 1047 2871; x_wconf 69' lang='grc' dir='ltr'><strong>Ρ..</strong></span> <span class='ocrx_word' id='word_1_169' title='bbox 1061 2788 1219 2858; x_wconf 90' lang='lat' dir='ltr'><strong>massime</strong></span> <span class='ocrx_word' id='word_1_170' title='bbox 1232 2791 1379 2857; x_wconf 89' lang='lat' dir='ltr'><strong>tenendo</strong></span> <span class='ocrx_word' id='word_1_171' title='bbox 1390 2789 1480 2856; x_wconf 89' lang='lat' dir='ltr'><strong>nella</strong></span> <span class='ocrx_word' id='word_1_172' title='bbox 1490 2784 1606 2875; x_wconf 90' lang='lat' dir='ltr'><strong>prouin-</strong></span> 
     </span>
     <span class='ocr_line' id='line_1_23' title="bbox 409 2873 1607 3041; baseline -0.014 -89"><span class='ocrx_word' id='word_1_173' title='bbox 409 2884 501 3041; x_wconf 50' lang='lat' dir='ltr'><strong>pga&#39;il</strong></span> <span class='ocrx_word' id='word_1_174' title='bbox 517 2887 555 2951; x_wconf 93' lang='lat' dir='ltr'><strong>P.</strong></span> <span class='ocrx_word' id='word_1_175' title='bbox 574 2887 656 2952; x_wconf 56' lang='grc' dir='ltr'><strong>ΜΝ</strong></span> <span class='ocrx_word' id='word_1_176' title='bbox 676 2883 808 2964; x_wconf 89' lang='lat' dir='ltr'><strong>Natale,</strong></span> <span class='ocrx_word' id='word_1_177' title='bbox 827 2881 880 2948; x_wconf 94' lang='lat' dir='ltr'><strong>col</strong></span> <span class='ocrx_word' id='word_1_178' title='bbox 904 2880 1004 2966; x_wconf 90' lang='lat' dir='ltr'><strong>quale</strong></span> <span class='ocrx_word' id='word_1_179' title='bbox 1024 2879 1053 2946; x_wconf 91' lang='lat' dir='ltr'><strong>si</strong></span> <span class='ocrx_word' id='word_1_180' title='bbox 1073 2880 1238 2967; x_wconf 87' lang='lat' dir='ltr'><strong>potrebbe</strong></span> <span class='ocrx_word' id='word_1_181' title='bbox 1259 2877 1427 2946; x_wconf 83' lang='lat' dir='ltr'><strong>conferire</strong></span> <span class='ocrx_word' id='word_1_182' title='bbox 1449 2887 1484 2945; x_wconf 91' lang='lat' dir='ltr'><strong>et</strong></span> <span class='ocrx_word' id='word_1_183' title='bbox 1504 2873 1607 2962; x_wconf 85' lang='lat' dir='ltr'><strong>ispedir</strong></span> 
     </span>
    </p>

    <p class='ocr_par' dir='ltr' id='par_1_6' title="bbox 461 2993 1415 3040">
     <span class='ocr_line' id='line_1_24' title="bbox 461 2993 1415 3040; baseline -0.012 0"><span class='ocrx_word' id='word_1_184' title='bbox 461 2995 551 3040; x_wconf 89' lang='lat' dir='ltr'><strong>cosa.</strong></span> <span class='ocrx_word' id='word_1_185' title='bbox 1413 2993 1415 3002; x_wconf 70' lang='lat'>=</span> 
     </span>
    </p>
   </div>
   <div class='ocr_carea' id='block_1_6' title="bbox 802 3165 1236 3356">
    <p class='ocr_par' dir='ltr' id='par_1_7' title="bbox 802 3165 1236 3356">
     <span class='ocr_line' id='line_1_25' title="bbox 955 3165 1093 3253; baseline 0 -20"><span class='ocrx_word' id='word_1_186' title='bbox 955 3165 1036 3234; x_wconf 82' lang='lat' dir='ltr'><strong>&gt;nv</strong></span> <span class='ocrx_word' id='word_1_187' title='bbox 1061 3166 1093 3253; x_wconf 77' lang='lat' dir='ltr'><strong>(b</strong></span> 
     </span>
     <span class='ocr_line' id='line_1_26' title="bbox 802 3295 1236 3356; baseline 0 0"><span class='ocrx_word' id='word_1_188' title='bbox 802 3299 975 3356; x_wconf 89' lang='lat' dir='ltr'><strong>NATALIS</strong></span> <span class='ocrx_word' id='word_1_189' title='bbox 994 3295 1236 3356; x_wconf 88' lang='lat' dir='ltr'><strong>INSTRUCTIO</strong></span> 
     </span>
    </p>
   </div>
   <div class='ocr_carea' id='block_1_7' title="bbox 650 3407 1390 3488">
    <p class='ocr_par' dir='ltr' id='par_1_8' title="bbox 650 3407 1390 3488">
     <span class='ocr_line' id='line_1_27' title="bbox 650 3407 1390 3488; baseline -0.004 -11"><span class='ocrx_word' id='word_1_190' title='bbox 650 3428 719 3477; x_wconf 77' lang='lat' dir='ltr'><strong>pao</strong></span> <span class='ocrx_word' id='word_1_191' title='bbox 743 3427 1007 3476; x_wconf 77' lang='lat' dir='ltr'><strong>sunemomaus</strong></span> <span class='ocrx_word' id='word_1_192' title='bbox 1032 3426 1244 3474; x_wconf 80' lang='lat' dir='ltr'><strong>socrnrnrrs</strong></span> <span class='ocrx_word' id='word_1_193' title='bbox 1267 3407 1390 3488; x_wconf 77' lang='lat' dir='ltr'><strong>Jesu¹</strong></span> 
     </span>
    </p>
   </div>
   <div class='ocr_carea' id='block_1_8' title="bbox 413 3525 1603 3808">
    <p class='ocr_par' dir='ltr' id='par_1_9' title="bbox 413 3525 1603 3808">
     <span class='ocr_line' id='line_1_28' title="bbox 413 3525 1603 3615; baseline -0.014 -20"><span class='ocrx_word' id='word_1_194' title='bbox 413 3538 452 3595; x_wconf 86' lang='lat' dir='ltr'><strong>Ut</strong></span> <span class='ocrx_word' id='word_1_195' title='bbox 464 3554 511 3606; x_wconf 81' lang='lat' dir='ltr'><strong>ea,</strong></span> <span class='ocrx_word' id='word_1_196' title='bbox 524 3552 599 3607; x_wconf 80' lang='lat' dir='ltr'><strong>quae</strong></span> <span class='ocrx_word' id='word_1_197' title='bbox 612 3552 711 3592; x_wconf 80' lang='lat' dir='ltr'><strong>mense</strong></span> <span class='ocrx_word' id='word_1_198' title='bbox 724 3533 828 3606; x_wconf 79' lang='lat' dir='ltr'><strong>Aprili</strong></span> <span class='ocrx_word' id='word_1_199' title='bbox 838 3532 908 3602; x_wconf 81' lang='lat'><strong>1563</strong></span> <span class='ocrx_word' id='word_1_200' title='bbox 920 3532 1040 3615; x_wconf 65' lang='lat' dir='ltr'><strong>scripsit</strong></span> <span class='ocrx_word' id='word_1_201' title='bbox 1050 3529 1174 3613; x_wconf 35' lang='lat' dir='ltr'><strong>&#39;Natalis</strong></span> <span class='ocrx_word' id='word_1_202' title='bbox 1188 3530 1279 3585; x_wconf 80' lang='lat' dir='ltr'><strong>Patri</strong></span> <span class='ocrx_word' id='word_1_203' title='bbox 1297 3530 1525 3614; x_wconf 70' lang='lat' dir='ltr'><strong>lsoldarrabono,</strong></span> <span class='ocrx_word' id='word_1_204' title='bbox 1537 3525 1603 3609; x_wconf 73' lang='lat' dir='ltr'><strong>illius</strong></span> 
     </span>
     <span class='ocr_line' id='line_1_29' title="bbox 460 3599 1601 3682; baseline -0.011 -18"><span class='ocrx_word' id='word_1_205' title='bbox 460 3609 640 3682; x_wconf 78' lang='lat' dir='ltr'><strong>respondens</strong></span> <span class='ocrx_word' id='word_1_206' title='bbox 656 3603 895 3680; x_wconf 78' lang='lat' dir='ltr'><strong>difficultatibus,</strong></span> <span class='ocrx_word' id='word_1_207' title='bbox 913 3603 1022 3657; x_wconf 66' lang='lat' dir='ltr'><strong>mellus</strong></span> <span class='ocrx_word' id='word_1_208' title='bbox 1043 3599 1270 3674; x_wconf 75' lang='lat' dir='ltr'><strong>mtellrgantur,</strong></span> <span class='ocrx_word' id='word_1_209' title='bbox 1285 3607 1378 3672; x_wconf 75' lang='lat' dir='ltr'><strong>juvat</strong></span> <span class='ocrx_word' id='word_1_210' title='bbox 1395 3603 1429 3657; x_wconf 79' lang='lat' dir='ltr'><strong>in</strong></span> <span class='ocrx_word' id='word_1_211' title='bbox 1451 3611 1601 3682; x_wconf 68' lang='lat' dir='ltr'><strong>mamertum</strong></span> 
     </span>
     <span class='ocr_line' id='line_1_30' title="bbox 460 3665 1601 3808; baseline -0.014 -73"><span class='ocrx_word' id='word_1_212' title='bbox 460 3693 734 3808; x_wconf 39' lang='lat' dir='ltr'><strong>ggppcporlzbsgpsuens</strong></span> <span class='ocrx_word' id='word_1_213' title='bbox 746 3677 842 3750; x_wconf 76' lang='lat' dir='ltr'><strong>ipsius</strong></span> <span class='ocrx_word' id='word_1_214' title='bbox 853 3675 1013 3739; x_wconf 81' lang='lat' dir='ltr'><strong>monitum,</strong></span> <span class='ocrx_word' id='word_1_215' title='bbox 1028 3674 1107 3745; x_wconf 81' lang='lat' dir='ltr'><strong>quod</strong></span> <span class='ocrx_word' id='word_1_216' title='bbox 1117 3672 1297 3745; x_wconf 77' lang='lat' dir='ltr'><strong>frequenter</strong></span> <span class='ocrx_word' id='word_1_217' title='bbox 1313 3674 1512 3746; x_wconf 67' lang='lat' dir='ltr'><strong>superioribus</strong></span> <span class='ocrx_word' id='word_1_218' title='bbox 1525 3665 1601 3724; x_wconf 72' lang='lat' dir='ltr'><strong>recol·</strong></span> 
     </span>
    </p>
   </div>
   <div class='ocr_carea' id='block_1_9' title="bbox 386 3859 1599 4396">
    <p class='ocr_par' dir='ltr' id='par_1_10' title="bbox 408 3859 1599 4311">
     <span class='ocr_line' id='line_1_31' title="bbox 475 3859 1599 3955; baseline -0.018 -17"><span class='ocrx_word' id='word_1_219' title='bbox 475 3865 674 3955; x_wconf 83' lang='lat' dir='ltr'><strong>Superiores</strong></span> <span class='ocrx_word' id='word_1_220' title='bbox 689 3863 751 3932; x_wconf 90' lang='lat' dir='ltr'><strong>toti</strong></span> <span class='ocrx_word' id='word_1_221' title='bbox 770 3861 969 3930; x_wconf 91' lang='lat' dir='ltr'><strong>incumbant</strong></span> <span class='ocrx_word' id='word_1_222' title='bbox 989 3860 1245 3949; x_wconf 84' lang='lat' dir='ltr'><strong>gubernationi,</strong></span> <span class='ocrx_word' id='word_1_223' title='bbox 1263 3883 1375 3948; x_wconf 90' lang='lat' dir='ltr'><strong>neque</strong></span> <span class='ocrx_word' id='word_1_224' title='bbox 1395 3859 1538 3927; x_wconf 88' lang='lat' dir='ltr'><strong>diuidant</strong></span> <span class='ocrx_word' id='word_1_225' title='bbox 1550 3873 1599 3920; x_wconf 91' lang='lat' dir='ltr'><strong>cu-</strong></span> 
     </span>
     <span class='ocr_line' id='line_1_32' title="bbox 408 3949 1596 4040; baseline -0.012 -15"><span class='ocrx_word' id='word_1_226' title='bbox 408 3980 480 4025; x_wconf 88' lang='lat' dir='ltr'><strong>ram</strong></span> <span class='ocrx_word' id='word_1_227' title='bbox 496 3978 592 4024; x_wconf 88' lang='lat' dir='ltr'><strong>suam</strong></span> <span class='ocrx_word' id='word_1_228' title='bbox 608 3967 642 4022; x_wconf 90' lang='lat' dir='ltr'><strong>et</strong></span> <span class='ocrx_word' id='word_1_229' title='bbox 659 3975 809 4040; x_wconf 88' lang='lat' dir='ltr'><strong>operam,</strong></span> <span class='ocrx_word' id='word_1_230' title='bbox 827 3953 939 4036; x_wconf 87' lang='lat' dir='ltr'><strong>quoad</strong></span> <span class='ocrx_word' id='word_1_231' title='bbox 955 3951 1028 4017; x_wconf 91' lang='lat' dir='ltr'><strong>eius</strong></span> <span class='ocrx_word' id='word_1_232' title='bbox 1039 3950 1112 4016; x_wconf 90' lang='lat' dir='ltr'><strong>fieri</strong></span> <span class='ocrx_word' id='word_1_233' title='bbox 1125 3951 1261 4037; x_wconf 90' lang='lat' dir='ltr'><strong>poterit.</strong></span> <span class='ocrx_word' id='word_1_234' title='bbox 1282 3949 1372 4019; x_wconf 88' lang='lat' dir='ltr'><strong>Satis</strong></span> <span class='ocrx_word' id='word_1_235' title='bbox 1387 3952 1493 4017; x_wconf 88' lang='lat' dir='ltr'><strong>multa</strong></span> <span class='ocrx_word' id='word_1_236' title='bbox 1502 3951 1596 4032; x_wconf 85' lang='lat' dir='ltr'><strong>agent,</strong></span> 
     </span>
     <span class='ocr_line' id='line_1_33' title="bbox 408 4033 1599 4129; baseline -0.015 -16"><span class='ocrx_word' id='word_1_237' title='bbox 408 4047 435 4114; x_wconf 90' lang='lat' dir='ltr'><strong>si</strong></span> <span class='ocrx_word' id='word_1_238' title='bbox 451 4049 575 4113; x_wconf 88' lang='lat' dir='ltr'><strong>bonam</strong></span> <span class='ocrx_word' id='word_1_239' title='bbox 591 4056 785 4129; x_wconf 88' lang='lat' dir='ltr'><strong>rectamque</strong></span> <span class='ocrx_word' id='word_1_240' title='bbox 802 4039 967 4107; x_wconf 91' lang='lat' dir='ltr'><strong>rationem</strong></span> <span class='ocrx_word' id='word_1_241' title='bbox 983 4040 1125 4108; x_wconf 91' lang='lat' dir='ltr'><strong>reddent</strong></span> <span class='ocrx_word' id='word_1_242' title='bbox 1140 4038 1242 4106; x_wconf 79' lang='lat' dir='ltr'><strong>officii</strong></span> <span class='ocrx_word' id='word_1_243' title='bbox 1258 4038 1310 4106; x_wconf 92' lang='lat' dir='ltr'><strong>sui</strong></span> <span class='ocrx_word' id='word_1_244' title='bbox 1326 4041 1401 4108; x_wconf 90' lang='lat' dir='ltr'><strong>Deo</strong></span> <span class='ocrx_word' id='word_1_245' title='bbox 1424 4050 1459 4106; x_wconf 91' lang='lat' dir='ltr'><strong>et</strong></span> <span class='ocrx_word' id='word_1_246' title='bbox 1474 4033 1599 4128; x_wconf 63' lang='lat' dir='ltr'><strong>Societa3</strong></span> 
     </span>
     <span class='ocr_line' id='line_1_34' title="bbox 409 4126 1598 4222; baseline -0.005 -20"><span class='ocrx_word' id='word_1_247' title='bbox 409 4137 448 4202; x_wconf 91' lang='lat' dir='ltr'><strong>ti.</strong></span> <span class='ocrx_word' id='word_1_248' title='bbox 473 4137 561 4205; x_wconf 88' lang='lat' dir='ltr'><strong>Sunt</strong></span> <span class='ocrx_word' id='word_1_249' title='bbox 578 4145 647 4200; x_wconf 88' lang='lat' dir='ltr'><strong>tam</strong></span> <span class='ocrx_word' id='word_1_250' title='bbox 667 4135 795 4199; x_wconf 87' lang='lat' dir='ltr'><strong>multae</strong></span> <span class='ocrx_word' id='word_1_251' title='bbox 815 4140 927 4216; x_wconf 91' lang='lat' dir='ltr'><strong>partes</strong></span> <span class='ocrx_word' id='word_1_252' title='bbox 947 4127 983 4194; x_wconf 92' lang='lat' dir='ltr'><strong>in</strong></span> <span class='ocrx_word' id='word_1_253' title='bbox 1003 4150 1121 4194; x_wconf 91' lang='lat' dir='ltr'><strong>eorum</strong></span> <span class='ocrx_word' id='word_1_254' title='bbox 1141 4128 1272 4212; x_wconf 84' lang='lat' dir='ltr'><strong>offitiis,</strong></span> <span class='ocrx_word' id='word_1_255' title='bbox 1295 4149 1379 4213; x_wconf 89' lang='lat' dir='ltr'><strong>quas</strong></span> <span class='ocrx_word' id='word_1_256' title='bbox 1400 4127 1429 4195; x_wconf 87' lang='lat' dir='ltr'><strong>si</strong></span> <span class='ocrx_word' id='word_1_257' title='bbox 1452 4126 1561 4222; x_wconf 61' lang='lat' dir='ltr'><strong>sciant,</strong></span> <span class='ocrx_word' id='word_1_258' title='bbox 1576 4138 1598 4182; x_wconf 76' lang='lat'><strong>⁵¹</strong></span> 
     </span>
     <span class='ocr_line' id='line_1_35' title="bbox 409 4216 1597 4311; baseline -0.008 -19"><span class='ocrx_word' id='word_1_259' title='bbox 409 4225 474 4292; x_wconf 92' lang='lat' dir='ltr'><strong>illis</strong></span> <span class='ocrx_word' id='word_1_260' title='bbox 489 4223 679 4292; x_wconf 82' lang='lat' dir='ltr'><strong>afficiantur</strong></span> <span class='ocrx_word' id='word_1_261' title='bbox 693 4219 886 4300; x_wconf 84' lang='lat' dir='ltr'><strong>efficaciter,</strong></span> <span class='ocrx_word' id='word_1_262' title='bbox 901 4219 929 4285; x_wconf 88' lang='lat' dir='ltr'><strong>si</strong></span> <span class='ocrx_word' id='word_1_263' title='bbox 941 4240 1002 4305; x_wconf 90' lang='lat' dir='ltr'><strong>pro</strong></span> <span class='ocrx_word' id='word_1_264' title='bbox 1014 4218 1181 4304; x_wconf 87' lang='lat' dir='ltr'><strong>dignitate</strong></span> <span class='ocrx_word' id='word_1_265' title='bbox 1193 4217 1267 4284; x_wconf 93' lang='lat' dir='ltr'><strong>illas</strong></span> <span class='ocrx_word' id='word_1_266' title='bbox 1282 4227 1404 4304; x_wconf 89' lang='lat' dir='ltr'><strong>gerant</strong></span> <span class='ocrx_word' id='word_1_267' title='bbox 1416 4216 1452 4283; x_wconf 92' lang='lat' dir='ltr'><strong>in</strong></span> <span class='ocrx_word' id='word_1_268' title='bbox 1463 4219 1597 4311; x_wconf 53' lang='lat' dir='ltr'><strong>Domino,</strong></span> 
     </span>
    </p>

    <p class='ocr_par' dir='ltr' id='par_1_11' title="bbox 386 4305 1599 4396">
     <span class='ocr_line' id='line_1_36' title="bbox 386 4305 1599 4396; baseline -0.012 -14"><span class='ocrx_word' id='word_1_269' title='bbox 386 4331 388 4338; x_wconf 86' lang='lat'>&#39;</span> <span class='ocrx_word' id='word_1_270' title='bbox 408 4313 491 4382; x_wconf 91' lang='lat' dir='ltr'><strong>nihil</strong></span> <span class='ocrx_word' id='word_1_271' title='bbox 506 4313 551 4381; x_wconf 91' lang='lat' dir='ltr'><strong>sit</strong></span> <span class='ocrx_word' id='word_1_272' title='bbox 567 4313 719 4379; x_wconf 82' lang='lat' dir='ltr'><strong>futurum</strong></span> <span class='ocrx_word' id='word_1_273' title='bbox 736 4307 897 4396; x_wconf 88' lang='lat' dir='ltr'><strong>temporis</strong></span> <span class='ocrx_word' id='word_1_274' title='bbox 914 4306 1052 4389; x_wconf 88' lang='lat' dir='ltr'><strong>residui,</strong></span> <span class='ocrx_word' id='word_1_275' title='bbox 1071 4307 1163 4391; x_wconf 90' lang='lat' dir='ltr'><strong>quod</strong></span> <span class='ocrx_word' id='word_1_276' title='bbox 1177 4306 1251 4373; x_wconf 88' lang='lat' dir='ltr'><strong>aliis</strong></span> <span class='ocrx_word' id='word_1_277' title='bbox 1266 4305 1536 4394; x_wconf 87' lang='lat' dir='ltr'><strong>occupationibus</strong></span> <span class='ocrx_word' id='word_1_278' title='bbox 1548 4317 1599 4363; x_wconf 86' lang='lat' dir='ltr'><strong>lm·</strong></span> 
     </span>
    </p>
   </div>
   <div class='ocr_carea' id='block_1_10' title="bbox 413 4425 624 4438">
    <p class='ocr_par' dir='ltr' id='par_1_12' title="bbox 413 4425 624 4438">
     <span class='ocr_line' id='line_1_37' title="bbox 413 4425 624 4438; baseline -0.014 0"><span class='ocrx_word' id='word_1_279' title='bbox 413 4425 624 4438; x_wconf 67' lang='lat' dir='ltr'><strong>..n-n——n-—t-nt</strong></span> 
     </span>
    </p>
   </div>
   <div class='ocr_carea' id='block_1_11' title="bbox 461 4455 1598 4544">
    <p class='ocr_par' dir='ltr' id='par_1_13' title="bbox 461 4455 1598 4544">
     <span class='ocr_line' id='line_1_38' title="bbox 461 4455 1598 4544; baseline -0.015 -14"><span class='ocrx_word' id='word_1_280' title='bbox 461 4478 469 4510; x_wconf 87' lang='lat'>¹</span> <span class='ocrx_word' id='word_1_281' title='bbox 506 4475 551 4529; x_wconf 85' lang='lat' dir='ltr'><strong>Ex</strong></span> <span class='ocrx_word' id='word_1_282' title='bbox 564 4473 705 4544; x_wconf 89' lang='lat' dir='ltr'><strong>Regesto,</strong></span> <span class='ocrx_word' id='word_1_283' title='bbox 721 4469 783 4527; x_wconf 85' lang='lat' dir='ltr'><strong>Cod</strong></span> <span class='ocrx_word' id='word_1_284' title='bbox 797 4483 830 4542; x_wconf 77' lang='lat'><strong>33</strong></span> <span class='ocrx_word' id='word_1_285' title='bbox 844 4468 884 4541; x_wconf 85' lang='lat' dir='ltr'><strong>c),</strong></span> <span class='ocrx_word' id='word_1_286' title='bbox 901 4467 952 4524; x_wconf 81' lang='lat' dir='ltr'><strong>fol.</strong></span> <span class='ocrx_word' id='word_1_287' title='bbox 967 4467 1028 4524; x_wconf 83' lang='lat'><strong>286.</strong></span> <span class='ocrx_word' id='word_1_288' title='bbox 1043 4466 1119 4522; x_wconf 89' lang='lat' dir='ltr'><strong>Vide</strong></span> <span class='ocrx_word' id='word_1_289' title='bbox 1132 4465 1276 4540; x_wconf 71' lang='lat' dir='ltr'><strong>append,</strong></span> <span class='ocrx_word' id='word_1_290' title='bbox 1290 4467 1345 4522; x_wconf 89' lang='lat' dir='ltr'><strong>XV</strong></span> <span class='ocrx_word' id='word_1_291' title='bbox 1359 4468 1401 4537; x_wconf 68' lang='grc' dir='ltr'><strong>(ὓς</strong></span> <span class='ocrx_word' id='word_1_292' title='bbox 1422 4475 1452 4522; x_wconf 88' lang='lat' dir='ltr'><strong>et</strong></span> <span class='ocrx_word' id='word_1_293' title='bbox 1463 4461 1537 4538; x_wconf 88' lang='lat' dir='ltr'><strong>epist.</strong></span> <span class='ocrx_word' id='word_1_294' title='bbox 1549 4455 1598 4524; x_wconf 74' lang='lat'><strong>3³⁶,</strong></span> 
     </span>
    </p>
   </div>
   <div class='ocr_carea' id='block_1_12' title="bbox 411 4559 1596 4686">
    <p class='ocr_par' dir='ltr' id='par_1_14' title="bbox 411 4559 1596 4686">
     <span class='ocr_line' id='line_1_39' title="bbox 411 4559 1596 4686; baseline -0.015 -13"><span class='ocrx_word' id='word_1_295' title='bbox 411 4565 441 4602; x_wconf 43' lang='lat' dir='ltr'><strong>n·</strong></span> <span class='ocrx_word' id='word_1_296' title='bbox 457 4559 485 4652; x_wconf 62' lang='grc' dir='ltr'>Ξ</span> <span class='ocrx_word' id='word_1_297' title='bbox 505 4617 550 4672; x_wconf 87' lang='lat' dir='ltr'><strong>Ex</strong></span> <span class='ocrx_word' id='word_1_298' title='bbox 566 4615 637 4672; x_wconf 84' lang='lat' dir='ltr'><strong>Cod.</strong></span> <span class='ocrx_word' id='word_1_299' title='bbox 650 4626 679 4686; x_wconf 79' lang='lat'><strong>7,</strong></span> <span class='ocrx_word' id='word_1_300' title='bbox 698 4613 748 4669; x_wconf 77' lang='lat' dir='ltr'><strong>fol.</strong></span> <span class='ocrx_word' id='word_1_301' title='bbox 765 4623 797 4668; x_wconf 88' lang='lat'><strong>12</strong></span> <span class='ocrx_word' id='word_1_302' title='bbox 810 4629 835 4682; x_wconf 92' lang='lat' dir='ltr'><strong>r,</strong></span> <span class='ocrx_word' id='word_1_303' title='bbox 849 4611 910 4682; x_wconf 81' lang='lat' dir='ltr'><strong>ubi,</strong></span> <span class='ocrx_word' id='word_1_304' title='bbox 923 4610 1000 4667; x_wconf 90' lang='lat' dir='ltr'><strong>inter</strong></span> <span class='ocrx_word' id='word_1_305' title='bbox 1017 4609 1088 4665; x_wconf 80' lang='lat' dir='ltr'><strong>alias</strong></span> <span class='ocrx_word' id='word_1_306' title='bbox 1105 4608 1313 4666; x_wconf 86' lang='lat' dir='ltr'><strong>instructiones</strong></span> <span class='ocrx_word' id='word_1_307' title='bbox 1330 4606 1543 4684; x_wconf 78' lang='lat' dir='ltr'><strong>provincialibus</strong></span> <span class='ocrx_word' id='word_1_308' title='bbox 1554 4607 1596 4656; x_wconf 79' lang='lat' dir='ltr'><strong>tra·</strong></span> 
     </span>
    </p>
   </div>
   <div class='ocr_carea' id='block_1_13' title="bbox 405 4681 1226 4762">
    <p class='ocr_par' dir='ltr' id='par_1_15' title="bbox 405 4681 1226 4762">
     <span class='ocr_line' id='line_1_40' title="bbox 405 4681 1226 4762; baseline -0.011 -15"><span class='ocrx_word' id='word_1_309' title='bbox 405 4687 492 4762; x_wconf 83' lang='lat' dir='ltr'><strong>ditas,</strong></span> <span class='ocrx_word' id='word_1_310' title='bbox 506 4689 578 4745; x_wconf 84' lang='lat' dir='ltr'><strong>haec</strong></span> <span class='ocrx_word' id='word_1_311' title='bbox 590 4687 748 4762; x_wconf 87' lang='lat' dir='ltr'><strong>reperitur.</strong></span> <span class='ocrx_word' id='word_1_312' title='bbox 765 4683 841 4740; x_wconf 90' lang='lat' dir='ltr'><strong>Vide</strong></span> <span class='ocrx_word' id='word_1_313' title='bbox 854 4699 951 4757; x_wconf 83' lang='lat' dir='ltr'><strong>supra,</strong></span> <span class='ocrx_word' id='word_1_314' title='bbox 972 4681 1062 4755; x_wconf 88' lang='lat' dir='ltr'><strong>epist.</strong></span> <span class='ocrx_word' id='word_1_315' title='bbox 1079 4681 1142 4753; x_wconf 86' lang='lat'><strong>266,</strong></span> <span class='ocrx_word' id='word_1_316' title='bbox 1157 4699 1187 4737; x_wconf 87' lang='lat' dir='ltr'><strong>n.</strong></span> <span class='ocrx_word' id='word_1_317' title='bbox 1202 4693 1226 4738; x_wconf 88' lang='lat'><strong>1.</strong></span> 
     </span>
    </p>
   </div>
   <div class='ocr_carea' id='block_1_14' title="bbox 0 0 1776 5380">
    <p class='ocr_par' dir='ltr' id='par_1_16' title="bbox 0 0 1776 5380">
     <span class='ocr_line' id='line_1_41' title="bbox 0 0 1776 5380; baseline 0 0"><span class='ocrx_word' id='word_1_318' title='bbox 0 0 1776 5380; x_wconf 95' lang='lat' dir='ltr'><strong> </strong></span> 
     </span>
    </p>
   </div>
  </div>
 </body>
</html>
