3604 5380
713 476 747 533 ²7
767 463 911 520 Aucusn
932 465 1001 533 1562
1422 478 1474 534 105

229 617 366 703 gensis.
388 617 603 684 Venerabilis
618 617 906 706 vir-singulariter
922 617 1021 686 nobis
1037 617 1172 687 dilecte.
1192 617 1366 686 Henricus
1385 619 1473 686 Dio—

231 733 359 818 nysius
378 737 401 813 ¹,
420 733 472 798 vir
488 733 567 820 pius
583 746 618 802 et
633 736 768 815 doctus,
791 753 870 801 curn
890 733 1013 800 diebus
1034 733 1164 819 aliquot
1184 733 1363 801 nobiscum
1385 735 1469 802 fuis·

233 858 292 915 set
318 849 345 930 ²,
373 862 409 915 et
437 859 572 934 praeter
599 871 786 931 sermones,
816 871 902 935 quos
933 871 1012 916 cum
1043 871 1085 918 eo
1116 849 1312 933 habuimus,
1345 872 1474 938 graues

234 963 425 1031 conciones
447 966 574 1031 multas
597 989 665 1031 non
695 964 861 1034 inutiliter
889 967 980 1056 apud
1007 966 1170 1052 populum
1201 964 1259 1031 hic
1284 965 1468 1053 posuisset;

233 1080 420 1148 discedens
435 1079 534 1167 petiit
550 1080 679 1166 aliquid
695 1083 738 1147 ad
755 1091 789 1147 te
804 1080 979 1147 literarum
995 1081 1168 1163 daremus,
1182 1081 1308 1166 quibus
1319 1091 1470 1148 nostram

233 1216 321 1282 erga
333 1195 515 1263 ecclesiam
528 1197 753 1279 uoluntatem,
768 1207 803 1262 et
815 1195 1022 1265 Societatem
1035 1205 1183 1264 uestram
1197 1196 1470 1264 beneuolentiam

233 1333 310 1377 non
336 1310 500 1397 exiguam
525 1313 715 1380 laceremus
737 1321 906 1378 testatam.
931 1313 1035 1398 Quod
1054 1311 1118 1379 etsi
1139 1333 1203 1378 nos
1223 1323 1345 1398 sponte
1368 1323 1473 1398 atque

233 1427 329 1492 ultro
346 1426 471 1492 facturi
487 1447 635 1506 eramus,
655 1427 843 1493 iucundum
861 1437 974 1494 tamen
990 1428 1066 1507 fuit,
1085 1428 1129 1492 ad
1144 1428 1379 1513 exponendam
1395 1449 1470 1495 eam

232 1563 254 1606 a
273 1541 333 1608 tali
350 1563 415 1608 nos
431 1542 606 1610 admoneri
623 1541 710 1621 uim,
730 1541 884 1627 quicum
895 1553 1032 1610 nostras
1043 1543 1212 1622 redderet,
1232 1542 1473 1610 testificaretur

231 1656 312 1743 ipse
327 1679 418 1742 quae
434 1659 478 1724 de
494 1659 558 1723 hac
575 1679 616 1724 ex
633 1657 732 1724 nobis
748 1679 864 1724 coram
880 1657 1089 1744 accepisset.
1099 1657 1139 1724 Ei
1155 1680 1240 1744 ergo
1255 1659 1299 1724 de
1314 1657 1474 1726 instituto

231 1771 488 1858 uoluntateque
504 1783 622 1840 nostra
637 1775 766 1842 'referre
781 1773 922 1854 uolenti,
942 1773 1045 1842 fidem
1064 1773 1219 1854 habebis,
1244 1773 1373 1860 tibique
1393 1796 1474 1860 per-

231 1887 400 1955 suadebis
416 1898 512 1954 certo
527 1886 611 1953 nihil
628 1910 745 1956 eorum
761 1887 1060 1974 praetermissuros
1076 1909 1151 1968 nos,
1170 1909 1258 1973 quae
1279 1889 1322 1954 ad
1342 1888 1468 1955 auitam

233 2003 496 2070 instaurandam
529 2004 760 2089 tuendamque
791 2003 991 2091 religionem
1022 2004 1252 2090 pertinebunt.
1287 2004 1469 2071 Communi

231 2140 322 2187 uero
337 2118 501 2186 Societati
520 2117 650 2204 tibique
665 2141 739 2188 eam
756 2119 1031 2188 beneuolentiam
1053 2119 1301 2206 praestabimus
1320 2141 1468 2206 semper,

228 2235 341 2325 quam
354 2225 559 2320 perpetuum
575 2235 619 2301 de
631 2234 855 2302 sanctimonia
867 2246 901 2302 et
915 2235 1042 2303 uirtute
1056 2234 1130 2303 eius
1141 2233 1299 2302 iuditium
1312 2244 1467 2303 nostrum

228 2347 434 2435 impendere
456 2351 613 2416 hortatur
628 2371 669 2416 ac
684 2351 847 2436 postulat.
867 2353 978 2418 Datae
999 2371 1042 2416 ex
1066 2372 1144 2417 arce
1161 2360 1279 2418 nostra
1298 2352 1467 2418 Fursten-

227 2485 299 2545 on,
321 2485 356 2531 vr
374 2465 518 2531 Calend.
537 2465 728 2550 Septemb,
746 2487 838 2532 anno
856 2485 997 2532 unuxu.

701 2583 759 2668 Jo.
787 2581 900 2648 Coss.
928 2581 1142 2648 Ossaeus
1165 2581 1285 2648 Hom.

297 2697 390 2762 Lau:
405 2695 601 2762 Scradoaus
616 2695 677 2761 SS.
858 2690 864 2706 '

226 2893 445 2902 .—-.——-.—-

286 2995 293 3023 ¹
334 2989 417 3044 Illius
431 3005 557 3044 examen
570 2997 618 3043 est
630 2988 661 3042 in
674 2987 800 3060 append.
816 2989 839 3041 1.
859 3035 865 3048 ,
1340 3050 1347 3062 ,

284 3084 295 3114 ⁵
334 3077 444 3132 Mansit
456 3078 490 3131 P.
506 3077 667 3148 Dionysius
681 3075 876 3147 Osnabrugae
890 3076 1002 3132 ultimis
1015 3077 1121 3132 diebus
1135 3079 1277 3151 Augusti,
1288 3087 1318 3136 et
1327 3078 1376 3134 die
1388 3095 1404 3134 2
1415 3069 1468 3136 ss-

223 3167 376 3240 ptembris
389 3166 542 3223 Coloniam
555 3183 694 3221 reversus
707 3174 740 3220 ut
752 3165 821 3221 inde
834 3166 1016 3236 Moguntiam
1031 3175 1157 3239 peteret3
1174 3168 1255 3240 quod
1272 3169 1337 3241 ipse
1355 3169 1386 3225 in
1404 3169 1465 3242 epi-

226 3257 307 3311 stola
318 3255 356 3308 ad
366 3253 518 3308 doctorem
525 3253 693 3308 Mauritium
700 3253 910 3308 Winkelmann
923 3255 1004 3309 hisce
1015 3257 1114 3310 verbis
1125 3256 1307 3314 referebat...
1316 3259 1466 3328 alugenue

223 3345 326 3400 fateor
339 3353 382 3414 et,
395 3339 493 3414 quoad
506 3343 617 3412 vivam,
631 3341 718 3396 lateri
731 3360 790 3397 non
804 3342 948 3408 desinam,
964 3361 1011 3398 me
1022 3344 1192 3418 episcopum
1203 3344 1466 3418 osnabrugensem

223 3433 411 3506 comperisse
424 3431 599 3504 principem,
613 3432 730 3504 qualem
741 3431 777 3486 T.
789 3433 888 3485 ΒΜ
902 3431 974 3487 mihi
983 3433 1221 3506 quandoquidem
1231 3435 1261 3489 in
1272 3436 1396 3490 aedibus
1407 3438 1467 3492 tuis

224 3522 368 3579 familiari
386 3521 534 3593 colloquio
550 3520 744 3592 descripsisse
762 3521 909 3590 recordor,
933 3523 989 3576 hoc
1011 3529 1069 3592 est,
1092 3524 1282 3593 benevolum,
1302 3525 1466 3596 liberalem,

224 3613 361 3680 doctum,
377 3609 497 3666 unicum
511 3627 660 3664 musarum
670 3626 705 3680 ac
715 3608 913 3665 studiosorum
926 3613 1108 3666 Mecenatem
1119 3619 1149 3666 et
1159 3613 1315 3684 cultorem,
1325 3612 1466 3686 denique,

225 3699 309 3774 quod
322 3701 380 3754 hoc
392 3698 631 3772 deploratissimo
644 3700 745 3752 seculo
758 3698 939 3753 rarissimum
952 3707 984 3753 et
996 3699 1026 3753 in
1044 3699 1123 3754 omni
1141 3701 1267 3772 primum
1288 3719 1355 3757 esse
1372 3701 1466 3757 faten-

225 3791 300 3846 dum
313 3799 373 3860 est,
386 3788 525 3860 puritatis
538 3787 740 3859 evangelicae,
755 3788 876 3850 veteris,
891 3789 1082 3860 apostolicae,
1096 3788 1229 3845 sincerae
1247 3799 1277 3846 et
1295 3809 1383 3846 verae
1400 3791 1467 3846 reli-

224 3879 328 3951 gionis
346 3885 597 3951 propugnatorem
615 3895 649 3932 ac
666 3877 746 3932 illius
762 3877 981 3949 recuperandae
999 3879 1213 3949 avidissimum,
1232 3897 1299 3934 curn
1318 3898 1377 3952 quo
1395 3881 1466 3935 mihi

224 3972 374 4025 hactenus
394 3967 576 4036 conversari,
599 3984 657 4022 non
675 3966 743 4022 dico
760 3966 891 4036 fastidio,
908 3967 962 4021 sed
982 3985 1096 4023 summe
1114 3967 1172 4022 tuit
1193 3969 1350 4041 voluptati,
1369 3987 1386 4024 a
1407 3987 1466 4042 quo

223 4059 317 4114 etiam
338 4055 481 4128 dig[redi]
499 4055 584 4110 nefas
603 4073 669 4110 esse
687 4055 837 4123 ducerem,
855 4055 913 4111 nisi
934 4056 1117 4128 quorundam
1140 4055 1270 4112 virorum
1292 4057 1467 4128 authoritas,

222 4163 352 4220 quorum
366 4144 493 4200 consilio
504 4152 536 4199 et
548 4144 701 4200 autoritati
714 4163 778 4200 mos
795 4145 945 4215 gerendus
963 4155 1021 4217 est,
1039 4164 1087 4200 me
1104 4145 1141 4201 ad
1159 4155 1277 4218 tempus
1293 4157 1462 4203 revocaret.
1492 4185 1495 4192 .

225 4237 274 4291 Ac
286 4233 413 4308 proinde
426 4250 486 4288 uno
499 4241 549 4288 aut
562 4233 703 4306 [duobus]
716 4233 822 4289 abhinc
835 4235 941 4290 diebus
951 4251 1017 4290 cum
1029 4253 1101 4307 pace
1112 4253 1146 4290 ac
1156 4234 1258 4290 favore
1269 4248 1402 4291 arevalo
1413 4237 1467 4292 im-

223 4332 344 4398 petrato
356 4342 411 4396 per
424 4323 579 4380 Coloniam
592 4322 775 4394 Moguntiam
786 4323 955 4396 proficiscar
964 4325 1001 4380 ad
1011 4335 1162 4397 reustum,
1177 4334 1208 4381 et
1226 4326 1465 4398 [quam]primum

222 4417 323 4470 Dm
343 4415 380 4469 T.
395 4421 426 4469 et
440 4414 599 4485 praecipue
611 4413 757 4468 illustrem
770 4413 933 4486 principem
951 4431 986 4469 ac
1002 4414 1108 4470 ducem
1131 4416 1261 4486 Ericum,
1285 4433 1302 4470 a
1323 4433 1383 4488 quo
1405 4434 1466 4473 non

222 4521 292 4560 mea
304 4520 361 4558 nec
373 4502 475 4558 reum
489 4501 543 4557 sed
556 4503 648 4557 maior
661 4502 869 4574 [superiorum]
882 4505 1019 4558 voluntas
1033 4505 1180 4574 avocavit,
1194 4504 1320 4561 invisam
1334 4521 1370 4560 ac
1387 4506 1465 4561 salu-

221 4595 325 4651 tabo.»
337 4593 384 4648 Ex
396 4593 462 4648 cod.
479 4592 562 4658 VIII,
577 4591 745 4663 «Epistolae
755 4586 854 4667 variae'
864 4592 901 4646 ad
912 4602 1029 4648 nostros
1040 4593 1143 4650 Patres
1153 4594 1377 4662 Colonienses»,
1388 4595 1466 4668 apud

221 4683 375 4750 Haustus,
389 4683 448 4737 loc.
467 4680 532 4751 cit„
544 4697 613 4753 pag.
626 4679 691 4751 430.
