3604 5380
779 511 846 581 1562

259 717 350 782 198
722 738 903 788 coracina

263 897 335 982 Hjc
351 907 424 964 erat
442 899 481 963 P.
501 897 546 963 N.
565 897 735 983 generalis
751 919 828 966 cum
846 901 886 964 P.
908 900 1070 981 Polan00‚
1089 901 1130 966 Ρ.
1149 899 1289 966 Godino
1305 909 1340 968 et
1356 900 1426 972 fra-

178 1022 249 1078 tre
266 1011 459 1078 Ludouico.
479 1013 561 1078 Erat
576 1021 741 1079 euocatus
756 1037 776 1080 a
791 1035 924 1080 summo
941 1014 1102 1100 pontifice
1118 1014 1161 1080 ad
1177 1013 1373 1097 concilium,
1392 1026 1428 1083 et

184 1128 343 1214 parabat
360 1125 618 1213 profectionem.
638 1127 752 1194 Retuli
768 1151 821 1211 ea,
843 1151 932 1208 quae
951 1149 1090 1216 egeram
1111 1128 1248 1196 Biliomi
1268 1140 1304 1198 et
1323 1131 1427 1198 Tolo—

182 1263 258 1309 sae
274 1251 311 1310 et
326 1241 489 1309 Rutheni.
509 1241 605 1308 Vidit
625 1265 718 1311 meas
741 1244 994 1312 exhortationes
1017 1244 1281 1330 complutenses.
1308 1245 1429 1314 Voluit

183 1369 235 1424 vt
255 1357 444 1424 visitarem.
468 1357 506 1422 ld
526 1357 590 1424 feei
609 1359 771 1429 breuiter.
796 1359 954 1428 Interfuit
974 1359 1033 1426 vni
1060 1369 1120 1426 aut
1147 1359 1244 1428 alten'
1268 1363 1429 1428 exhorta-

186 1473 300 1541 tioni.
323 1474 328 1562 Ι

268 1589 351 1674 dei
371 1611 496 1656 nouam
524 1592 737 1676 Angrenam:
763 1589 891 1676 placuit
911 1590 1007 1656 locus
1028 1600 1062 1658 et
1082 1592 1205 1660 domus
1227 1591 1427 1678 amplitudo:

188 1704 346 1792 probaui
362 1703 566 1774 sententiam
583 1705 707 1785 Patris,
727 1714 764 1770 vt
780 1704 848 1771 illic
864 1704 1099 1772 institueretur
1116 1707 1311 1795 collegium.

270 1828 354 1916 Egit
370 1832 474 1897 Pater
489 1850 567 1895 cum
583 1827 746 1896 cardinali
762 1829 984 1916 Armignaco,
1004 1829 1062 1915 qui
1084 1831 1126 1897 ad
1147 1832 1259 1898 aulam
1279 1853 1322 1898 eo
1344 1841 1432 1900 tem·

193 1965 290 2032 pore
306 1956 457 2025 venerat,
476 1947 520 2010 de
535 1943 681 2031 collegio
696 1945 853 2012 rutheno,
870 1946 988 2030 Itaque
1008 1944 1207 2013 inchoatum
1227 1957 1280 2013 est
1300 1957 1430 2032 postea.

192 2060 436 2128 Discessimus
452 2060 553 2126 simul
569 2061 762 2126 Tornacum
782 2061 804 2124 ¹.

247 2239 338 2304 199
353 2259 379 2304 v
741 2257 897 2305 Tonuacr

273 2407 354 2488 Hic,
372 2429 428 2475 me
444 2428 522 2473 curn
539 2405 684 2474 Ximene
700 2405 831 2487 relicto,
850 2417 1052 2492 prosecutus
1072 2416 1124 2473 est
1147 2406 1210 2474 iter
1230 2429 1331 2474 suum
1356 2409 1434 2476 Tri-

194 2527 349 2592 dentum
378 2525 482 2591 Pater
509 2543 587 2587 cum
613 2521 741 2588 suiset
762 2543 839 2588 meo
863 2521 875 2553 ’
901 2523 1102 2590 Bertranno.
1131 2525 1181 2588 Ex
1205 2521 1326 2590 itinere
1349 2522 1435 2589 vidit

193 2637 392 2726 collegium
407 2637 618 2718 louaniense,
637 2637 819 2724 collegium
835 2636 1043 2716 coloniense,
1063 2637 1262 2718 treuirense,
1285 2643 1434 2725 magun-

197 2756 330 2834 tinum,
348 2791 393 2803 -
408 2791 453 2802 —
468 2755 494 2833 ³,
513 2753 650 2818 domum
671 2762 914 2838 augustanam,
938 2752 1120 2838 collegium
1138 2752 1378 2820 monachiense
1400 2763 1436 2822 et

199 2869 489 2956 oenipontanum,
509 2869 555 2934 ita
572 2879 684 2934 tamen
700 2877 738 2933 vt
754 2889 821 2933 non
839 2867 1002 2948 visitaret,
1022 2867 1106 2933 nihil
1121 2867 1223 2937 etiam
1245 2869 1315 2936 sere
1337 2889 1436 2955 prae-

197 2985 387 3063 scriberet,
410 2983 524 3050 omnia
545 3004 627 3051 vero
648 2982 822 3068 reijciebat
842 2983 885 3048 ad
913 3003 1025 3049 meum
1054 2984 1240 3053 aduentum
1263 2994 1298 3050 et
1317 2983 1437 3052 visita-

201 3101 351 3168 tionem.
371 3098 520 3166 Tornaci
532 3098 638 3184 igitur
650 3097 799 3180 visitani,
813 3107 879 3164 etc.

277 3215 379 3282 2⁰0
425 3216 590 3280 Inchoata
605 3223 658 3280 est
673 3213 797 3280 domus
817 3212 1109 3280 commensalium.
1133 3214 1316 3283 Inchoatae
1336 3217 1438 3282 scho-

201 3335 274 3401 lae.
294 3330 374 3398 Dixi
391 3342 428 3395 vt
445 3351 529 3396 cura
546 3323 762 3418 pecuniaria]
779 3328 901 3395 domus
924 3327 1205 3396 commensalium
1222 3331 1362 3398 daretur
1380 3351 1439 3396 ca-

205 3446 357 3527 nonicis,
375 3446 430 3513 vel
447 3443 586 3512 omnino
602 3442 702 3511 alicui
719 3441 864 3510 seculari
880 3443 1020 3509 homini:
1044 3465 1114 3509 non
1137 3445 1291 3511 fecerunt
1313 3455 1436 3511 tamen.

280 3561 418 3630 Acriter
434 3560 506 3647 egit
527 3560 618 3646 apud
630 3581 686 3626 me
698 3557 850 3625 medicus
862 3577 985 3625 caecus
997 3560 1041 3625 de
1053 3558 1127 3626 iure
1139 3559 1197 3645 filij
1212 3559 1388 3627 Hermetis
1397 3561 1441 3626 ad

206 3684 307 3747 bona
327 3688 470 3764 paterna
486 3675 512 3758 ⁴,
535 3674 591 3741 cui
608 3683 804 3740 constanter
820 3672 980 3759 respondi
1001 3695 1043 3742 ex
1063 3673 1232 3741 instituto.
1256 3674 1442 3743 Titubabat

207 3796 281 3862 iarn
293 3805 368 3860 turn
380 3790 521 3858 alterius
531 3787 605 3879 [sic]
618 3788 709 3855 filius
721 3788 918 3868 canonicus,
933 3788 1090 3854 consului
1102 3798 1139 3854 vt
1159 3789 1164 3878 Ι
1184 3791 1360 3876 paululum
1372 3791 1443 3859 Co-

207 3909 340 3978 loniam
352 3907 430 3987 iret,
446 3916 480 3974 et
492 3915 582 3973 esset
594 3926 672 3971 cum
690 3902 863 3970 fratribus.
878 3902 985 3984 Fecit,
999 3915 1118 3989 postea
1129 3903 1235 3973 edidit
1246 3905 1444 3986 vota,venit

205 4025 316 4094 etiam
332 4027 490 4104 Romam,
507 4041 628 4089 verum
643 4041 777 4105 semper
799 4018 912 4084 animo
932 4018 1151 4086 inconstanti.
1174 4019 1331 4105 Denique
1351 4041 1444 4088 nunc

269 4207 276 4238 ¹
316 4202 383 4256 Fol.
404 4213 456 4271 199
469 4217 492 4254 r.
507 4215 633 4254 vacuum
646 4197 782 4254 relictum
796 4204 855 4251 est.

265 4293 278 4327 ¹
315 4291 391 4358 Mau,
405 4307 453 4344 me
466 4305 543 4344 meo.

266 4383 278 4415 ³
315 4381 370 4436 Est
396 4395 505 4434 nomen
531 4379 657 4432 obscure
675 4381 827 4430 exaratum
846 4373 925 4448 quod
951 4375 1122 4448 dilinganse
1145 4373 1288 4447 scripturn
1309 4373 1441 4432 videtur.

204 4470 273 4529 Sed
284 4468 446 4540 collegium
458 4467 533 4523 illud
545 4465 675 4522 nondum
691 4472 763 4518 tunc
782 4463 921 4535 temporis
939 4462 1108 4518 institutum
1127 4462 1238 4536 hietat,
1257 4479 1313 4519 nec
1334 4463 1372 4519 de
1394 4465 1446 4521 illo

210 4559 397 4616 mentionem
412 4557 485 4612 iacit
501 4555 656 4623 Polancus‚
670 4553 796 4623 collegia
813 4570 830 4606 a
843 4551 952 4606 Lainez
964 4553 1141 4623 perlustrata
1153 4567 1326 4626 recensens,
1337 4552 1368 4612 in
1386 4555 1447 4627 epi-

209 4649 294 4705 stola
306 4645 344 4702 ad
355 4643 506 4716 Burgum,
518 4643 653 4698 Tridenti
668 4653 700 4711 15
715 4639 843 4712 Augusti
856 4639 937 4695 data.

273 4740 286 4772 ⁴
323 4736 397 4807 Ma,
407 4739 549 4808 paremio.
