3666 5384
595 486 789 542 Paoomuuu
807 491 944 537 sacuam
963 490 1133 536 votuurms
1445 493 1477 534 ur

251 636 307 720 tit,
325 638 475 706 edendas
491 649 526 706 et
541 636 760 704 illustrandas
780 653 967 720 speramus.
986 628 1118 699 Natalis
1134 629 1177 696 ad
1197 628 1292 696 illum
1308 639 1479 699 caeteros-

253 773 322 838 que
341 752 522 822 Societatis
542 753 773 822 moderatores
794 747 954 836 epistolas
980 747 1163 813 nonnullas
1191 744 1293 813 etiam
1317 767 1381 814 suo
1403 747 1480 813 loco

254 868 425 937 dabimus.

322 983 485 1070 Reliquae
502 985 639 1051 tandem
655 981 818 1069 epistolae
832 991 915 1048 sunt
934 980 988 1046 vel
1009 977 1231 1046 cardinalium
1247 987 1282 1044 et
1302 975 1481 1063 episcopo-

254 1121 331 1166 rum
348 1103 391 1166 ad
408 1104 448 1167 P.
472 1100 595 1180 Nadal,
613 1100 670 1166 vel
685 1099 729 1166 ad
744 1095 924 1168 Societatis
940 1093 1155 1183 praepositos
1176 1114 1238 1162 seu
1258 1092 1414 1173 vicarios,
1437 1093 1482 1159 de

253 1215 402 1302 negotiis
418 1237 497 1283 cum
512 1217 633 1282 eodem
649 1212 763 1283 Natali
775 1208 967 1292 transactis;
980 1211 1036 1278 vel
1047 1208 1150 1276 etiam
1162 1207 1347 1276 amicorum
1360 1206 1480 1278 Socie-

254 1328 346 1412 tatis,
364 1328 437 1399 sive
453 1330 502 1399 rei
518 1330 703 1418 gerendae,
717 1327 791 1395 sive
802 1324 905 1394 officii
920 1325 1044 1412 gratia,
1058 1322 1284 1409 conscriptae;
1298 1323 1355 1390 vel
1366 1323 1481 1390 socio·

252 1467 330 1513 rum
344 1447 388 1512 ad
404 1447 575 1527 Natalem,
593 1441 810 1532 particularia
825 1441 890 1529 ipsi
905 1439 1229 1521 commendantium,
1243 1441 1299 1506 vel
1314 1437 1481 1526 collegio-

254 1583 330 1628 rum
347 1583 508 1648 prospera
523 1571 559 1629 et
574 1562 718 1629 adversa
733 1557 966 1628 referentium.

325 1813 356 1878 3.
404 1793 639 1878 Epistolarum
656 1794 998 1881 argumenta—jam
1015 1791 1058 1858 ad
1073 1812 1129 1858 res
1148 1788 1251 1875 ipsas,
1274 1788 1310 1854 in
1330 1786 1484 1874 epistolis

254 1909 360 1994 hujus
375 1908 559 1975 voluminis
575 1918 760 1987 enarratae,
779 1907 917 1975 festinat
932 1908 1095 1987 calamuS,
1113 1927 1202 1990 quae
1217 1903 1354 1990 quidem
1365 1904 1409 1970 ad
1422 1902 1482 1968 tri-

255 2024 335 2109 plex
351 2033 456 2109 caput
470 2022 588 2090 reduci
604 2023 780 2090 commode
796 2023 923 2089 valent.
947 2038 1029 2090 1³11n
1049 2023 1092 2089 de
1108 2019 1161 2102 iis,
1180 2040 1267 2106 quae
1279 2019 1323 2085 ad
1335 2039 1483 2105 genera-

254 2140 323 2208 lem
339 2137 506 2207 ecclesiae
521 2137 695 2206 historiam
712 2137 946 2205 illustrandam
963 2137 1104 2205 iaciunt.
1124 2151 1210 2202 2,um
1230 2135 1274 2203 de
1290 2132 1343 2213 iis,
1358 2131 1484 2218 quibus

254 2251 437 2322 Societatis
448 2256 532 2343 Jesu
549 2264 648 2340 gesta
663 2253 814 2340 pleniore
825 2255 903 2320 luce
914 2253 1175 2340 perfunduntur.
1191 2267 1271 2335 3.11m
1290 2251 1427 2318 tandem
1438 2249 1484 2314 de

254 2371 371 2450 rebus,
390 2390 480 2454 quae
494 2369 538 2436 ad
554 2371 594 2436 P.
614 2369 736 2450 Nadal,
754 2368 959 2438 Germaniae
975 2368 1120 2455 collegia
1132 2369 1405 2453 perlustrantem,
1419 2385 1482 2450 po-

254 2483 424 2551 tissimum
439 2485 644 2552 referuntur.

326 2615 425 2666 mm.
442 2601 517 2665 Pro
529 2599 674 2666 historia
685 2599 1088 2687 ecclesiastica-Incipit
1101 2602 1168 2666 hoc
1179 2599 1367 2664 secundum
1379 2595 1482 2661 volu-

255 2737 337 2783 men
353 2715 397 2781 ab
411 2736 454 2781 eo
474 2724 637 2800 tempore,
662 2736 729 2801 quo
749 2737 929 2803 supremus
950 2713 1122 2783 Ecclesiae
1149 2713 1301 2800 pontifex
1329 2710 1412 2778 Pius
1434 2710 1482 2776 lV

256 2831 454 2916 generalem
482 2831 653 2916 synodum
681 2831 834 2898 Tridenti
861 2831 1046 2912 revocavit,
1078 2830 1153 2897 «cui
1180 2826 1314 2916 Legati,
1344 2823 1481 2904 eruditi,

257 2955 362 3030 atque
376 2945 495 3032 optimi
510 2933 575 3011 viri
583 2949 733 3034 Joannes
745 2949 909 3015 Moronus
920 2946 1110 3034 Episcopus
1122 2942 1377 3022 Praenestinus,
1391 2941 1484 3007 Her-

255 3061 353 3130 cules
368 3061 548 3149 Gonzaga,
567 3061 798 3148 Hieronymus
815 3061 1036 3149 Seripandus,
1053 3061 1243 3132 Stanislaus
1255 3057 1398 3137 Hosius,
1411 3058 1484 3125 Lu-

254 3175 401 3242 douicus
422 3176 624 3258 Simonetta,
648 3178 842 3246 Bernardus
863 3177 1071 3265 NaugeriuS,
1101 3181 1238 3245 Marcus
1265 3173 1413 3244 Sciticus
1438 3173 1482 3240 de

255 3293 448 3378 Altaemps,
467 3293 505 3360 S.
525 3293 566 3359 R.
591 3294 630 3360 E.
655 3293 756 3360 Card.
780 3293 1009 3362 interfuerunt
1032 3295 1076 3360 ¹.»
1100 3295 1237 3361 Horum
1256 3313 1318 3378 pro
1338 3286 1491 3376 ecclesia

255 3407 426 3474 catholiea
445 3407 591 3491 labores,
616 3417 651 3475 et
674 3408 710 3475 in
729 3409 934 3479 Societatem
951 3413 1036 3500 Jesu
1059 3430 1148 3476 amor
1172 3419 1207 3475 et
1229 3403 1480 3484 benevolentia,

255 3521 393 3610 saepius
420 3523 455 3590 in
482 3526 548 3590 hoc
575 3523 746 3593 volumine
767 3535 1089 3606 commemorantur,
1112 3523 1309 3612 praesertim
1333 3520 1479 3602 Moruni,

256 3638 458 3725 Gonzagae,
491 3649 527 3708 et
557 3639 669 3723 Hosii,
702 3640 801 3726 cujus
827 3640 990 3726 epistolae
1016 3642 1147 3728 plures,
1176 3639 1327 3705 nondum
1354 3635 1479 3716 editae,

256 3753 350 3840 quod
365 3753 525 3835 sciamuS,
539 3755 718 3842 appendici
728 3755 888 3840 insertae,
903 3755 937 3822 id
949 3757 1141 3823 luculenter
1151 3754 1477 3823 commonstrabunt.

277 3967 279 3970 Ι
326 3870 538 3936 Luctuosum
554 3890 636 3938 vero
651 3871 817 3941 ecclesiae
831 3881 958 3938 statum
974 3872 1010 3938 in
1025 3871 1210 3940 Germania
1222 3881 1257 3940 et
1269 3868 1423 3950 Polonia,
1437 3868 1482 3935 de

257 4006 328 4070 quo
343 3985 479 4072 saepius
499 3983 535 4051 in
554 3985 664 4072 primo
683 3985 857 4056 volumine
877 4008 989 4055 semro
1005 3986 1135 4070 incidit,
1158 3987 1282 4054 clarius
1301 3986 1404 4071 hujus
1424 4005 1480 4052 se-

255 4099 361 4166 cundi
377 4099 608 4168 monumentis
623 4101 774 4188 patefiet,
792 4123 835 4169 ex
855 4101 980 4188 quibus
995 4105 1081 4171 haec
1092 4123 1202 4189 pauca
1213 4104 1395 4188 decerpere
1406 4101 1481 4167 sul-

254 4213 359 4281 ficiat:
381 4216 506 4301 «Quod
522 4217 565 4282 ad
581 4217 797 4286 sacerdotum
813 4217 1012 4305 coniugium
1033 4217 1165 4298 attinet,
1188 4239 1259 4285 non
1279 4216 1379 4285 video
1399 4214 1481 4302 quid

255 4329 384 4416 sperari
400 4330 522 4398 melius
536 4331 657 4417 possit:
676 4331 806 4399 utinam
827 4333 899 4400 tolli
923 4344 1038 4420 posset
1060 4333 1206 4402 ebrietas
1227 4333 1263 4400 in
1282 4329 1478 4400 Germania:
1562 4413 1566 4422 .

254 4466 325 4511 non
340 4445 388 4512 ita
410 4467 538 4534 magno
559 4447 705 4534 negocio
725 4449 808 4515 vita
816 4469 952 4534 quoque
975 4449 1150 4516 tolleretur
1166 4448 1370 4535 impudica.»
1394 4448 1481 4534 (Ho-

313 4700 321 4732 ¹
358 4695 544 4769 cncomus,
563 4699 649 4755 Vitae
662 4705 690 4756 at
699 4705 787 4774 gestu
799 4719 983 4757 summorum
1003 4701 1198 4776 Pontificum,
1212 4703 1252 4774 Il,
1268 4702 1349 4772 1178.
