3526 5380
381 519 435 562 222
796 505 902 561 E1>1s¹r.
925 503 961 557 P.
984 501 1184 572 Nonio-256

381 659 484 725 letras
499 657 543 726 de
563 671 601 739 17
618 656 661 724 de
678 657 828 736 Henem,
845 677 870 741 y
883 675 1004 742 parece
1019 661 1115 722 estin
1130 675 1174 722 en
1189 655 1289 740 aquel
1303 675 1422 741 campo
1436 675 1500 722 eon
1514 675 1603 722 mu-

381 773 446 839 cha
461 792 647 874 esperanoav
659 771 703 840 de
719 792 786 857 que
800 793 839 840 se
853 771 898 836 ha
911 776 933 836 ά
948 780 1061 839 entrar
1076 770 1179 857 luego
1194 791 1237 838 en
1253 771 1358 838 Leon.
1377 768 1540 836 Tambitn
1556 791 1601 838 se

381 885 514 956 escriue
529 886 572 954 de
588 887 791 954 Lombardia
811 905 877 970 que
896 883 929 953 el
947 887 1053 952 baron
1076 886 1085 918 ¹
1108 885 1276 952 Desadrds
1299 885 1310 918 ¹
1334 905 1372 952 se
1393 893 1601 954 consertaua

381 1021 447 1070 oon
463 1003 602 1070 Monsur
617 1000 690 1093 [sio]
704 1003 748 1069 de
762 1002 920 1083 NemirS,
938 1023 960 1087 y
976 1020 1042 1085 que
1053 1022 1091 1070 se
1103 1021 1265 1086 esperaua
1276 1011 1385 1068 tomar
1399 1005 1420 1066 ά
1435 1001 1600 1086 Etampas

380 1126 477 1186 entre
494 1119 590 1184 Paits
605 1139 628 1202 y
644 1116 793 1184 Orlikns.
811 1118 852 1182 El
867 1114 1039 1184 concierto
1054 1115 1097 1184 de
1112 1135 1179 1201 que
1194 1137 1231 1186 se
1247 1125 1378 1182 trataua
1392 1137 1437 1184 en
1451 1115 1599 1183 Francia

380 1230 479 1300 dizen
495 1251 561 1317 que
576 1230 686 1299 Guisa
701 1253 748 1299 no
763 1231 795 1298 le
810 1230 937 1316 quiere,
951 1230 1149 1298 hallindose
1163 1249 1228 1297 con
1243 1229 1292 1297 las
1308 1251 1418 1297 armas
1433 1250 1476 1298 en
1491 1251 1598 1296 mano

378 1345 580 1432 ysuperior.

447 1460 479 1526 8.
526 1462 581 1529 De
599 1465 679 1544 aqui
698 1461 754 1526 del
774 1458 917 1528 concilio
936 1479 981 1527 no
1001 1481 1043 1545 ay
1059 1479 1125 1543 que
1140 1459 1232 1527 dezir
1246 1461 1290 1526 de
1309 1480 1423 1528 nueuo
1437 1459 1509 1527 sino
1523 1482 1597 1545 que

380 1575 569 1672 siguenpos
585 1576 755 1658 doctores
772 1598 795 1661 y
811 1597 854 1660 oy
869 1579 1030 1660 comenoo
1046 1576 1078 1641 la
1098 1572 1152 1658 4⁵
1174 1577 1282 1644 classe
1297 1576 1323 1656 ⁸,
1341 1596 1468 1662 porque
1482 1577 1514 1642 la
1538 1577 1598 1660 3.⁸

380 1691 570 1776 aguardari
590 1691 623 1756 la
644 1689 767 1758 uenida
787 1690 843 1758 del
862 1691 1018 1757 cardenal
1033 1691 1077 1758 de
1096 1691 1240 1770 Lorena,
1257 1711 1354 1757 como
1369 1691 1401 1758 ἑ]
1421 1691 1456 1756 lo
1470 1693 1514 1758 ha
1529 1691 1595 1758 de-

380 1805 495 1888 seado,
520 1829 543 1892 y
565 1810 614 1872 asi
638 1811 769 1872 trocari
790 1805 890 1891 lugat
912 1805 945 1871 la
968 1802 1021 1889 3.·
1036 1826 1100 1872 con
1116 1807 1149 1871 la
1163 1803 1228 1888 4⁵.
1248 1807 1299 1871 En
1315 1807 1364 1872 las
1379 1805 1596 1894 oraeionesy

379 1919 562 1986 sacrificios
576 1920 621 1986 de
635 1921 680 1988 V.
698 1921 738 1987 R.
757 1941 780 2005 y
795 1921 839 1986 de
854 1921 935 1987 todo
948 1941 1005 1987 ese
1020 1919 1164 2006 collegio
1179 1922 1223 1987 N.
1238 1922 1278 1987 P.
1293 1922 1378 2007 ylos
1388 1922 1503 1989 demis
1513 1944 1593 1989 mu-

378 2037 444 2100 cho
459 2055 521 2104 nos
536 2035 829 2102 encomendamos.
847 2036 901 2102 De
916 2036 1055 2114 Trento,
1074 2035 1116 2100 26
1131 2034 1175 2103 de
1190 2034 1343 2102 Hebrero
1363 2037 1457 2120 1563.

937 2332 1030 2397 ΞΜ

668 2488 707 2553 Ρ.
744 2485 1093 2555 HIERONYMUS
1127 2488 1308 2557 NADAL

758 2643 876 2698 pom
895 2641 1048 2716 JACOBO
1068 2644 1211 2702 LA1NE2

702 2797 893 2855 ossffours,
913 2798 947 2855 27
965 2799 1134 2843 osonum
1154 2786 1222 2856 1563
1240 2792 1261 2845 ⁴.

613 2927 659 2982 De
672 2927 757 2982 rebus
770 2945 790 2980 a
802 2925 909 2982 Natali
921 2931 948 2982 et
963 2925 1085 2982 Conisio
1101 2929 1265 3002 Oeniponte
1286 2935 1392 3007 gestis.

443 3071 544 3136 Duas
566 3071 725 3155 epistolas
747 3070 792 3134 od
814 3071 979 3136 Loinium
1002 3071 1093 3136 dedit
1115 3073 1253 3139 Natalis
1267 3075 1322 3141 dio
1337 3091 1380 3158 27
1396 3078 1587 3162 Februarii,

373 3191 478 3271 prout
492 3185 664 3251 Poloncus
679 3185 718 3250 in
733 3185 805 3269 ipso
820 3184 920 3250 initio
934 3187 1089 3270 epistotae
1104 3209 1195 3253 nono
1210 3189 1265 3255 dio
1280 3191 1403 3258 Martii
1417 3193 1517 3262 datae
1531 3217 1588 3262 os·

377 3300 471 3366 serit.
491 3299 569 3366 Has
583 3303 698 3365 autom
713 3299 868 3384 epistolas
883 3301 1025 3366 minime
1040 3301 1201 3368 vidimus:
1216 3324 1335 3371 aarum
1352 3311 1465 3374 tamon
1476 3331 1587 3398 argu-

378 3421 539 3495 mentum,
554 3419 586 3481 ot
600 3435 643 3480 ex
658 3415 733 3499 ipsa
753 3415 969 3500 responsione
989 3415 1110 3482 ibidem
1130 3417 1220 3499 doto,
1236 3426 1267 3484 ot
1286 3441 1328 3485 ox
1343 3423 1465 3489 littoris
1481 3425 1587 3510 ipsius

379 3529 522 3624 Polonoi
537 3530 582 3594 ad
598 3531 644 3595 P.
662 3529 877 3595 Madridium
891 3545 932 3595 11
944 3529 1067 3596 Martii
1080 3535 1166 3616 1563
1177 3533 1267 3600 datis
1278 3537 1356 3602 erui
1363 3541 1498 3622 poterit·
1509 3540 1587 3607 haec

376 3645 469 3711 onim
492 3645 619 3710 scribit:
645 3645 715 3710 «Lo
737 3665 799 3730 que
822 3645 891 3709 atto
915 3645 926 3679 ⁸
949 3666 985 3711 so
1007 3646 1082 3712 dizo
1104 3647 1145 3712 do
1167 3649 1216 3714 los
1237 3649 1360 3718 bvoenos
1385 3653 1512 3740 officios
1536 3655 1587 3722 det

378 3761 423 3826 P.
442 3759 558 3826 Nadol
573 3780 616 3826 on
632 3757 855 3844 Hispruch'os
865 3759 989 3826 mucha
999 3761 1277 3850 uordad;porque
1288 3768 1432 3833 auiendo
1444 3770 1584 3835 ltamodo

375 3874 407 3940 ol
422 3874 622 3958 emperador
632 3891 655 3955 4
666 3873 833 3962 theologos
839 3881 932 3959 para
943 3881 1069 3942 trottor
1080 3899 1141 3944 con
1153 3879 1232 3945 ellos
1242 3881 1283 3946 do
1297 3882 1417 3948 oiortos
1427 3886 1584 3953 anmatos

376 4009 440 4076 quo
455 3990 538 4055 auto
552 3989 593 4054 do
608 3989 737 4056 ambiar
753 3995 898 4056 tocanos
912 3991 947 4055 al
962 3993 1109 4074 concilio,
1125 4013 1188 4078 quo
1203 4016 1289 4061 oran
1304 4017 1353 4061 un
1373 3997 1493 4084 obispo,
1508 4021 1581 4068 oon-

431 4259 440 4292 ¹
477 4257 552 4328 Ms„
569 4259 679 4310 varon.

428 4346 440 4380 ¹
476 4344 648 4400 Franciscus
661 4343 698 4399 de
711 4345 884 4416 Beaumont‚
898 4345 968 4400 baro
980 4345 1032 4402 des
1049 4347 1172 4406 Adrets.

429 4435 439 4466 ³
476 4433 537 4490 Cur
549 4435 579 4489 in
591 4449 608 4503 4
620 4435 731 4489 classes
748 4433 897 4490 distributi
914 4433 1023 4491 fuerint
1038 4437 1152 4494 articuli
1168 4438 1206 4496 de
1223 4441 1415 4518 mauimonio,
1428 4445 1496 4504 vide
1508 4447 1580 4522 apud

373 4523 531 4595 Tnsmsn,
543 4525 601 4578 loc.
619 4523 689 4595 cit.,
702 4523 741 4593 11,
756 4520 819 4579 232.

427 4616 439 4648 ⁴
475 4612 518 4667 Ex
531 4613 655 4684 epistola
668 4611 742 4668 infra
755 4614 810 4669 sub
823 4629 944 4669 numero
956 4613 1008 4684 258
1021 4615 1125 4691 posita,
1141 4617 1216 4678 Cod.
1234 4637 1267 4693 33
1279 4623 1318 4694 c),
1333 4625 1363 4681 ff.
1378 4625 1441 4700 226,
1455 4639 1518 4698 227.

427 4705 438 4738 ⁵
474 4701 717 4759 Romaescilicet.
