<?xml version="1.0" encoding="UTF-8"?>
<!DOCTYPE html PUBLIC "-//W3C//DTD XHTML 1.0 Transitional//EN"
    "http://www.w3.org/TR/xhtml1/DTD/xhtml1-transitional.dtd">
<html xmlns="http://www.w3.org/1999/xhtml" xml:lang="en" lang="en">
 <head>
  <title>
</title>
<meta http-equiv="Content-Type" content="text/html;charset=utf-8" />
  <meta name='ocr-system' content='tesseract 3.04.00' />
  <meta name='ocr-capabilities' content='ocr_page ocr_carea ocr_par ocr_line ocrx_word'/>
</head>
<body>
  <div class='ocr_page' id='page_1' title='image "./epistolaephiero00nadagoog_0696.png"; bbox 0 0 3634 5396; ppageno 0'>
   <div class='ocr_carea' id='block_1_1' title="bbox 753 443 1447 518">
    <p class='ocr_par' dir='ltr' id='par_1_1' title="bbox 753 443 1447 518">
     <span class='ocr_line' id='line_1_1' title="bbox 753 443 1447 518; baseline 0 -22"><span class='ocrx_word' id='word_1_1' title='bbox 753 443 919 498; x_wconf 76' lang='lat' dir='ltr'>Aernuorx</span> <span class='ocrx_word' id='word_1_2' title='bbox 1393 445 1447 518; x_wconf 81' lang='lat'>669</span> 
     </span>
    </p>
   </div>
   <div class='ocr_carea' id='block_1_2' title="bbox 174 593 1470 2276">
    <p class='ocr_par' dir='ltr' id='par_1_2' title="bbox 174 593 1470 1916">
     <span class='ocr_line' id='line_1_2' title="bbox 219 593 1446 682; baseline 0.002 -22"><span class='ocrx_word' id='word_1_3' title='bbox 219 613 297 660; x_wconf 84' lang='lat' dir='ltr'>esse</span> <span class='ocrx_word' id='word_1_4' title='bbox 313 603 405 659; x_wconf 87' lang='lat' dir='ltr'>tanta</span> <span class='ocrx_word' id='word_1_5' title='bbox 422 594 643 680; x_wconf 82' lang='lat' dir='ltr'>blasphemia,</span> <span class='ocrx_word' id='word_1_6' title='bbox 662 594 768 662; x_wconf 83' lang='lat' dir='ltr'>maior</span> <span class='ocrx_word' id='word_1_7' title='bbox 789 605 825 660; x_wconf 89' lang='lat' dir='ltr'>vt</span> <span class='ocrx_word' id='word_1_8' title='bbox 844 593 909 662; x_wconf 86' lang='lat' dir='ltr'>alia</span> <span class='ocrx_word' id='word_1_9' title='bbox 925 597 1068 681; x_wconf 85' lang='lat' dir='ltr'>proferri</span> <span class='ocrx_word' id='word_1_10' title='bbox 1089 596 1147 664; x_wconf 85' lang='lat' dir='ltr'>vix</span> <span class='ocrx_word' id='word_1_11' title='bbox 1166 594 1288 682; x_wconf 86' lang='lat' dir='ltr'><strong>possit.</strong></span> <span class='ocrx_word' id='word_1_12' title='bbox 1316 595 1446 664; x_wconf 87' lang='lat' dir='ltr'>Omnia</span> 
     </span>
     <span class='ocr_line' id='line_1_3' title="bbox 217 683 1446 785; baseline 0.004 -38"><span class='ocrx_word' id='word_1_13' title='bbox 217 687 357 766; x_wconf 81' lang='lat' dir='ltr'>possum</span> <span class='ocrx_word' id='word_1_14' title='bbox 374 683 413 751; x_wconf 87' lang='lat' dir='ltr'>in</span> <span class='ocrx_word' id='word_1_15' title='bbox 428 703 474 763; x_wconf 90' lang='lat' dir='ltr'>eo,</span> <span class='ocrx_word' id='word_1_16' title='bbox 491 684 551 768; x_wconf 86' lang='lat' dir='ltr'>qui</span> <span class='ocrx_word' id='word_1_17' title='bbox 565 704 619 749; x_wconf 84' lang='lat' dir='ltr'>me</span> <span class='ocrx_word' id='word_1_18' title='bbox 634 685 806 785; x_wconf 68' lang='lat' dir='ltr'>confortet</span> <span class='ocrx_word' id='word_1_19' title='bbox 822 687 843 764; x_wconf 87' lang='lat'>¹,</span> <span class='ocrx_word' id='word_1_20' title='bbox 858 683 939 754; x_wconf 93' lang='lat' dir='ltr'>dicit</span> <span class='ocrx_word' id='word_1_21' title='bbox 957 687 1099 752; x_wconf 91' lang='lat' dir='ltr'>Paulus.</span> <span class='ocrx_word' id='word_1_22' title='bbox 1127 685 1256 754; x_wconf 80' lang='lat' dir='ltr'>Omnia</span> <span class='ocrx_word' id='word_1_23' title='bbox 1267 685 1446 770; x_wconf 76' lang='lat' dir='ltr'>possibilia</span> 
     </span>
     <span class='ocr_line' id='line_1_4' title="bbox 222 771 1444 861; baseline 0.004 -26"><span class='ocrx_word' id='word_1_24' title='bbox 222 775 303 835; x_wconf 86' lang='lat' dir='ltr'>sunt</span> <span class='ocrx_word' id='word_1_25' title='bbox 317 771 468 838; x_wconf 82' lang='lat' dir='ltr'>credenti</span> <span class='ocrx_word' id='word_1_26' title='bbox 483 773 506 852; x_wconf 80' lang='lat'>²,</span> <span class='ocrx_word' id='word_1_27' title='bbox 522 771 605 837; x_wconf 91' lang='lat' dir='ltr'>dicit</span> <span class='ocrx_word' id='word_1_28' title='bbox 620 773 788 840; x_wconf 88' lang='lat' dir='ltr'>Chnstus.</span> <span class='ocrx_word' id='word_1_29' title='bbox 809 771 879 858; x_wconf 82' lang='lat' dir='ltr'>Qui</span> <span class='ocrx_word' id='word_1_30' title='bbox 894 785 975 839; x_wconf 89' lang='lat' dir='ltr'>sunt</span> <span class='ocrx_word' id='word_1_31' title='bbox 990 795 1075 861; x_wconf 85' lang='lat' dir='ltr'>ergo</span> <span class='ocrx_word' id='word_1_32' title='bbox 1090 773 1158 855; x_wconf 87' lang='lat' dir='ltr'>alii,</span> <span class='ocrx_word' id='word_1_33' title='bbox 1173 773 1232 858; x_wconf 90' lang='lat' dir='ltr'>qui</span> <span class='ocrx_word' id='word_1_34' title='bbox 1244 795 1444 859; x_wconf 90' lang='lat' dir='ltr'>persuasum</span> 
     </span>
     <span class='ocr_line' id='line_1_5' title="bbox 223 859 1445 949; baseline 0.005 -25"><span class='ocrx_word' id='word_1_35' title='bbox 223 860 350 926; x_wconf 89' lang='lat' dir='ltr'>habent</span> <span class='ocrx_word' id='word_1_36' title='bbox 366 859 518 927; x_wconf 89' lang='lat' dir='ltr'>homines</span> <span class='ocrx_word' id='word_1_37' title='bbox 538 860 712 930; x_wconf 87' lang='lat' dir='ltr'>continere</span> <span class='ocrx_word' id='word_1_38' title='bbox 733 883 799 927; x_wconf 91' lang='lat' dir='ltr'>non</span> <span class='ocrx_word' id='word_1_39' title='bbox 818 883 934 946; x_wconf 87' lang='lat' dir='ltr'>posse,</span> <span class='ocrx_word' id='word_1_40' title='bbox 958 884 1060 948; x_wconf 86' lang='lat' dir='ltr'>quam</span> <span class='ocrx_word' id='word_1_41' title='bbox 1081 862 1140 949; x_wconf 93' lang='lat' dir='ltr'>qui</span> <span class='ocrx_word' id='word_1_42' title='bbox 1161 884 1229 928; x_wconf 92' lang='lat' dir='ltr'>non</span> <span class='ocrx_word' id='word_1_43' title='bbox 1250 863 1394 929; x_wconf 86' lang='lat' dir='ltr'>credunt</span> <span class='ocrx_word' id='word_1_44' title='bbox 1410 864 1445 930; x_wconf 94' lang='lat' dir='ltr'>in</span> 
     </span>
     <span class='ocr_line' id='line_1_6' title="bbox 223 947 1444 1038; baseline 0.007 -26"><span class='ocrx_word' id='word_1_45' title='bbox 223 947 410 1031; x_wconf 85' lang='lat' dir='ltr'><strong>Christum,</strong></span> <span class='ocrx_word' id='word_1_46' title='bbox 429 947 571 1032; x_wconf 91' lang='lat' dir='ltr'>quinon</span> <span class='ocrx_word' id='word_1_47' title='bbox 595 951 739 1020; x_wconf 84' lang='lat' dir='ltr'>credunt</span> <span class='ocrx_word' id='word_1_48' title='bbox 762 971 840 1018; x_wconf 91' lang='lat' dir='ltr'>eum</span> <span class='ocrx_word' id='word_1_49' title='bbox 860 972 961 1035; x_wconf 87' lang='lat' dir='ltr'>posse</span> <span class='ocrx_word' id='word_1_50' title='bbox 983 951 1099 1038; x_wconf 86' lang='lat' dir='ltr'>largiri</span> <span class='ocrx_word' id='word_1_51' title='bbox 1120 952 1248 1024; x_wconf 87' lang='lat' dir='ltr'>donum</span> <span class='ocrx_word' id='word_1_52' title='bbox 1265 950 1444 1020; x_wconf 85' lang='lat' dir='ltr'>eontinen-</span> 
     </span>
     <span class='ocr_line' id='line_1_7' title="bbox 224 1034 1445 1126; baseline 0.005 -24"><span class='ocrx_word' id='word_1_53' title='bbox 224 1034 291 1104; x_wconf 86' lang='lat' dir='ltr'>tiae</span> <span class='ocrx_word' id='word_1_54' title='bbox 306 1036 492 1124; x_wconf 83' lang='lat' dir='ltr'>singulare,</span> <span class='ocrx_word' id='word_1_55' title='bbox 510 1036 545 1102; x_wconf 94' lang='lat' dir='ltr'>id</span> <span class='ocrx_word' id='word_1_56' title='bbox 561 1059 580 1104; x_wconf 91' lang='lat' dir='ltr'>a</span> <span class='ocrx_word' id='word_1_57' title='bbox 596 1059 634 1106; x_wconf 89' lang='lat' dir='ltr'>se</span> <span class='ocrx_word' id='word_1_58' title='bbox 649 1059 728 1104; x_wconf 90' lang='lat' dir='ltr'>cum</span> <span class='ocrx_word' id='word_1_59' title='bbox 740 1059 821 1105; x_wconf 87' lang='lat' dir='ltr'>vera</span> <span class='ocrx_word' id='word_1_60' title='bbox 834 1039 901 1104; x_wconf 86' lang='lat' dir='ltr'>tide</span> <span class='ocrx_word' id='word_1_61' title='bbox 912 1039 1122 1124; x_wconf 78' lang='lat' dir='ltr'>petentibus?</span> <span class='ocrx_word' id='word_1_62' title='bbox 1135 1042 1211 1126; x_wconf 83' lang='lat' dir='ltr'>Ego</span> <span class='ocrx_word' id='word_1_63' title='bbox 1224 1061 1361 1126; x_wconf 89' lang='lat' dir='ltr'>quoque</span> <span class='ocrx_word' id='word_1_64' title='bbox 1372 1062 1445 1108; x_wconf 75' lang='lat' dir='ltr'>ma-</span> 
     </span>
     <span class='ocr_line' id='line_1_8' title="bbox 221 1125 1443 1214; baseline 0.005 -24"><span class='ocrx_word' id='word_1_65' title='bbox 221 1147 329 1208; x_wconf 83' lang='lat' dir='ltr'>gnum</span> <span class='ocrx_word' id='word_1_66' title='bbox 346 1125 535 1192; x_wconf 88' lang='lat' dir='ltr'>cruciatum</span> <span class='ocrx_word' id='word_1_67' title='bbox 551 1149 594 1192; x_wconf 85' lang='lat' dir='ltr'>ex</span> <span class='ocrx_word' id='word_1_68' title='bbox 609 1148 651 1193; x_wconf 89' lang='lat' dir='ltr'>eo</span> <span class='ocrx_word' id='word_1_69' title='bbox 666 1126 775 1212; x_wconf 88' lang='lat' dir='ltr'>capio,</span> <span class='ocrx_word' id='word_1_70' title='bbox 794 1127 885 1212; x_wconf 92' lang='lat' dir='ltr'>quod</span> <span class='ocrx_word' id='word_1_71' title='bbox 901 1149 983 1209; x_wconf 89' lang='lat' dir='ltr'>non,</span> <span class='ocrx_word' id='word_1_72' title='bbox 1001 1129 1118 1214; x_wconf 89' lang='lat' dir='ltr'>quales</span> <span class='ocrx_word' id='word_1_73' title='bbox 1138 1149 1311 1214; x_wconf 84' lang='lat' dir='ltr'>cuperem,</span> <span class='ocrx_word' id='word_1_74' title='bbox 1329 1150 1443 1196; x_wconf 85' lang='lat' dir='ltr'>sacer-</span> 
     </span>
     <span class='ocr_line' id='line_1_9' title="bbox 220 1213 1441 1302; baseline 0.007 -25"><span class='ocrx_word' id='word_1_75' title='bbox 220 1213 318 1282; x_wconf 87' lang='lat' dir='ltr'>dotes</span> <span class='ocrx_word' id='word_1_76' title='bbox 333 1215 460 1282; x_wconf 88' lang='lat' dir='ltr'>habeo.</span> <span class='ocrx_word' id='word_1_77' title='bbox 485 1215 653 1283; x_wconf 87' lang='lat' dir='ltr'><strong>Proximis</strong></span> <span class='ocrx_word' id='word_1_78' title='bbox 674 1215 905 1302; x_wconf 88' lang='lat' dir='ltr'>superioribus</span> <span class='ocrx_word' id='word_1_79' title='bbox 920 1215 1042 1285; x_wconf 88' lang='lat' dir='ltr'>diebus</span> <span class='ocrx_word' id='word_1_80' title='bbox 1056 1216 1284 1284; x_wconf 86' lang='lat' dir='ltr'>visitationem</span> <span class='ocrx_word' id='word_1_81' title='bbox 1297 1217 1441 1297; x_wconf 85' lang='lat' dir='ltr'>institui,</span> 
     </span>
     <span class='ocr_line' id='line_1_10' title="bbox 219 1303 1470 1392; baseline 0.005 -26"><span class='ocrx_word' id='word_1_82' title='bbox 219 1303 327 1369; x_wconf 88' lang='lat' dir='ltr'>multa</span> <span class='ocrx_word' id='word_1_83' title='bbox 351 1303 520 1389; x_wconf 86' lang='lat' dir='ltr'>cognoui‚</span> <span class='ocrx_word' id='word_1_84' title='bbox 544 1325 632 1389; x_wconf 90' lang='lat' dir='ltr'>quae</span> <span class='ocrx_word' id='word_1_85' title='bbox 659 1326 773 1374; x_wconf 91' lang='lat' dir='ltr'>meum</span> <span class='ocrx_word' id='word_1_86' title='bbox 797 1304 947 1370; x_wconf 86' lang='lat' dir='ltr'>animum</span> <span class='ocrx_word' id='word_1_87' title='bbox 972 1308 1192 1374; x_wconf 88' lang='lat' dir='ltr'>vehementer</span> <span class='ocrx_word' id='word_1_88' title='bbox 1210 1306 1470 1392; x_wconf 87' lang='lat' dir='ltr'>perculerunt..</span> 
     </span>
     <span class='ocr_line' id='line_1_11' title="bbox 218 1391 1442 1480; baseline 0.006 -24"><span class='ocrx_word' id='word_1_89' title='bbox 218 1391 390 1458; x_wconf 90' lang='lat' dir='ltr'>Dominus</span> <span class='ocrx_word' id='word_1_90' title='bbox 404 1394 616 1478; x_wconf 86' lang='lat' dir='ltr'>praecandus</span> <span class='ocrx_word' id='word_1_91' title='bbox 632 1402 696 1473; x_wconf 86' lang='lat' dir='ltr'>est,</span> <span class='ocrx_word' id='word_1_92' title='bbox 719 1403 757 1458; x_wconf 92' lang='lat' dir='ltr'>vt</span> <span class='ocrx_word' id='word_1_93' title='bbox 777 1392 948 1479; x_wconf 83' lang='lat' dir='ltr'>operarios</span> <span class='ocrx_word' id='word_1_94' title='bbox 971 1393 1094 1480; x_wconf 87' lang='lat' dir='ltr'>dignos</span> <span class='ocrx_word' id='word_1_95' title='bbox 1115 1393 1227 1461; x_wconf 90' lang='lat' dir='ltr'>mittat</span> <span class='ocrx_word' id='word_1_96' title='bbox 1247 1393 1283 1460; x_wconf 91' lang='lat' dir='ltr'>in</span> <span class='ocrx_word' id='word_1_97' title='bbox 1298 1416 1442 1463; x_wconf 78' lang='lat' dir='ltr'>messem</span> 
     </span>
     <span class='ocr_line' id='line_1_12' title="bbox 217 1480 1441 1568; baseline 0.004 -24"><span class='ocrx_word' id='word_1_98' title='bbox 217 1499 316 1546; x_wconf 89' lang='lat' dir='ltr'>suam</span> <span class='ocrx_word' id='word_1_99' title='bbox 332 1481 357 1560; x_wconf 80' lang='lat'>³,</span> <span class='ocrx_word' id='word_1_100' title='bbox 376 1482 468 1566; x_wconf 90' lang='lat' dir='ltr'>quod</span> <span class='ocrx_word' id='word_1_101' title='bbox 484 1481 607 1550; x_wconf 87' lang='lat' dir='ltr'>vestris</span> <span class='ocrx_word' id='word_1_102' title='bbox 618 1480 720 1548; x_wconf 91' lang='lat' dir='ltr'>etiam</span> <span class='ocrx_word' id='word_1_103' title='bbox 732 1481 910 1567; x_wconf 84' lang='lat' dir='ltr'>praecibus</span> <span class='ocrx_word' id='word_1_104' title='bbox 921 1483 1080 1550; x_wconf 83' lang='lat' dir='ltr'>effectum</span> <span class='ocrx_word' id='word_1_105' title='bbox 1093 1482 1134 1550; x_wconf 91' lang='lat' dir='ltr'>iri</span> <span class='ocrx_word' id='word_1_106' title='bbox 1146 1481 1228 1550; x_wconf 91' lang='lat' dir='ltr'>mihi</span> <span class='ocrx_word' id='word_1_107' title='bbox 1240 1484 1441 1568; x_wconf 74' lang='lat' dir='ltr'>persuadeo</span> 
     </span>
     <span class='ocr_line' id='line_1_13' title="bbox 219 1569 1444 1656; baseline 0.003 -22"><span class='ocrx_word' id='word_1_108' title='bbox 219 1569 312 1653; x_wconf 92' lang='lat' dir='ltr'>Opto</span> <span class='ocrx_word' id='word_1_109' title='bbox 328 1570 369 1635; x_wconf 89' lang='lat' dir='ltr'>R.</span> <span class='ocrx_word' id='word_1_110' title='bbox 388 1571 430 1637; x_wconf 91' lang='lat' dir='ltr'>D.</span> <span class='ocrx_word' id='word_1_111' title='bbox 449 1572 492 1637; x_wconf 94' lang='lat' dir='ltr'>V.</span> <span class='ocrx_word' id='word_1_112' title='bbox 508 1570 568 1636; x_wconf 94' lang='lat' dir='ltr'>diu</span> <span class='ocrx_word' id='word_1_113' title='bbox 579 1591 654 1637; x_wconf 87' lang='lat' dir='ltr'>esse</span> <span class='ocrx_word' id='word_1_114' title='bbox 666 1570 883 1650; x_wconf 85' lang='lat' dir='ltr'>incolumem,</span> <span class='ocrx_word' id='word_1_115' title='bbox 898 1569 996 1638; x_wconf 92' lang='lat' dir='ltr'>cuius</span> <span class='ocrx_word' id='word_1_116' title='bbox 1009 1594 1063 1640; x_wconf 89' lang='lat' dir='ltr'>me</span> <span class='ocrx_word' id='word_1_117' title='bbox 1078 1570 1253 1656; x_wconf 87' lang='lat' dir='ltr'>sacrificijs</span> <span class='ocrx_word' id='word_1_118' title='bbox 1269 1581 1303 1638; x_wconf 87' lang='lat' dir='ltr'>et</span> <span class='ocrx_word' id='word_1_119' title='bbox 1319 1571 1444 1640; x_wconf 85' lang='lat' dir='ltr'>oratio-</span> 
     </span>
     <span class='ocr_line' id='line_1_14' title="bbox 174 1657 1442 1749; baseline 0.004 -26"><span class='ocrx_word' id='word_1_120' title='bbox 174 1663 176 1668; x_wconf 87' lang='grc'><strong>’</strong></span> <span class='ocrx_word' id='word_1_121' title='bbox 217 1657 320 1723; x_wconf 93' lang='lat' dir='ltr'>nibus</span> <span class='ocrx_word' id='word_1_122' title='bbox 336 1661 550 1725; x_wconf 87' lang='lat' dir='ltr'>commendo.</span> <span class='ocrx_word' id='word_1_123' title='bbox 574 1661 702 1726; x_wconf 90' lang='lat' dir='ltr'>Datum</span> <span class='ocrx_word' id='word_1_124' title='bbox 719 1682 762 1727; x_wconf 85' lang='lat' dir='ltr'>ex</span> <span class='ocrx_word' id='word_1_125' title='bbox 777 1671 890 1726; x_wconf 88' lang='lat' dir='ltr'>castro</span> <span class='ocrx_word' id='word_1_126' title='bbox 906 1670 1022 1726; x_wconf 92' lang='lat' dir='ltr'>nostro</span> <span class='ocrx_word' id='word_1_127' title='bbox 1038 1661 1234 1747; x_wconf 79' lang='lat' dir='ltr'>Heilsberg,</span> <span class='ocrx_word' id='word_1_128' title='bbox 1258 1659 1314 1728; x_wconf 88' lang='lat' dir='ltr'>die</span> <span class='ocrx_word' id='word_1_129' title='bbox 1329 1683 1350 1749; x_wconf 87' lang='lat'>9</span> <span class='ocrx_word' id='word_1_130' title='bbox 1366 1662 1442 1727; x_wconf 88' lang='lat' dir='ltr'>Au-</span> 
     </span>
     <span class='ocr_line' id='line_1_15' title="bbox 218 1745 1012 1830; baseline 0.005 -19"><span class='ocrx_word' id='word_1_131' title='bbox 218 1745 325 1830; x_wconf 88' lang='lat' dir='ltr'>gusti.</span> <span class='ocrx_word' id='word_1_132' title='bbox 343 1747 388 1814; x_wconf 91' lang='lat' dir='ltr'>A.</span> <span class='ocrx_word' id='word_1_133' title='bbox 407 1748 450 1814; x_wconf 88' lang='lat' dir='ltr'>D.</span> <span class='ocrx_word' id='word_1_134' title='bbox 468 1769 505 1816; x_wconf 83' lang='lat' dir='ltr'>u.</span> <span class='ocrx_word' id='word_1_135' title='bbox 525 1770 560 1816; x_wconf 86' lang='lat' dir='ltr'>n.</span> <span class='ocrx_word' id='word_1_136' title='bbox 580 1769 660 1815; x_wconf 79' lang='lat' dir='ltr'>nxv.</span> <span class='ocrx_word' id='word_1_137' title='bbox 678 1751 796 1814; x_wconf 86' lang='lat' dir='ltr'>Frater</span> <span class='ocrx_word' id='word_1_138' title='bbox 811 1747 847 1814; x_wconf 92' lang='lat' dir='ltr'>in</span> <span class='ocrx_word' id='word_1_139' title='bbox 863 1747 1012 1828; x_wconf 83' lang='lat' dir='ltr'>Christo,</span> 
     </span>
     <span class='ocr_line' id='line_1_16' title="bbox 623 1838 1350 1916; baseline -0.003 -11"><span class='ocrx_word' id='word_1_140' title='bbox 623 1838 862 1916; x_wconf 66' lang='lat' dir='ltr'>Stoursnnus</span> <span class='ocrx_word' id='word_1_141' title='bbox 888 1857 1103 1905; x_wconf 70' lang='lat' dir='ltr'>cunnrunms</span> <span class='ocrx_word' id='word_1_142' title='bbox 1121 1856 1350 1904; x_wconf 76' lang='lat' dir='ltr'>vnnurnus1s.</span> 
     </span>
    </p>

    <p class='ocr_par' dir='ltr' id='par_1_3' title="bbox 214 1923 1442 2276">
     <span class='ocr_line' id='line_1_17' title="bbox 286 1923 1437 2014; baseline 0.003 -26"><span class='ocrx_word' id='word_1_143' title='bbox 286 1924 469 2011; x_wconf 75' lang='lat' dir='ltr'>Inscriptio</span> <span class='ocrx_word' id='word_1_144' title='bbox 484 1927 523 1991; x_wconf 85' lang='lat' dir='ltr'>in</span> <span class='ocrx_word' id='word_1_145' title='bbox 539 1931 663 2010; x_wconf 81' lang='lat' dir='ltr'>quartu</span> <span class='ocrx_word' id='word_1_146' title='bbox 680 1927 829 2012; x_wconf 83' lang='lat' dir='ltr'>pagina:</span> <span class='ocrx_word' id='word_1_147' title='bbox 845 1925 931 1992; x_wconf 90' lang='lat' dir='ltr'>Rdo.</span> <span class='ocrx_word' id='word_1_148' title='bbox 952 1926 1058 2008; x_wconf 89' lang='lat' dir='ltr'>Patri,</span> <span class='ocrx_word' id='word_1_149' title='bbox 1079 1925 1217 1992; x_wconf 90' lang='lat' dir='ltr'>domino</span> <span class='ocrx_word' id='word_1_150' title='bbox 1233 1923 1356 2014; x_wconf 90' lang='lat' dir='ltr'>Joanni</span> <span class='ocrx_word' id='word_1_151' title='bbox 1373 1926 1437 1993; x_wconf 91' lang='lat' dir='ltr'>Po-</span> 
     </span>
     <span class='ocr_line' id='line_1_18' title="bbox 215 2012 1442 2101; baseline 0.002 -23"><span class='ocrx_word' id='word_1_152' title='bbox 215 2012 330 2092; x_wconf 77' lang='lat' dir='ltr'>lancO,</span> <span class='ocrx_word' id='word_1_153' title='bbox 353 2013 533 2082; x_wconf 88' lang='lat' dir='ltr'>Societatis</span> <span class='ocrx_word' id='word_1_154' title='bbox 549 2017 633 2101; x_wconf 88' lang='lat' dir='ltr'>Jesu</span> <span class='ocrx_word' id='word_1_155' title='bbox 654 2013 847 2093; x_wconf 84' lang='lat' dir='ltr'>secretario,</span> <span class='ocrx_word' id='word_1_156' title='bbox 866 2013 974 2080; x_wconf 88' lang='lat' dir='ltr'>amico</span> <span class='ocrx_word' id='word_1_157' title='bbox 993 2013 1202 2081; x_wconf 88' lang='lat' dir='ltr'>charissimo.</span> <span class='ocrx_word' id='word_1_158' title='bbox 1225 2015 1307 2084; x_wconf 84' lang='lat' dir='ltr'>Alie</span> <span class='ocrx_word' id='word_1_159' title='bbox 1323 2035 1442 2080; x_wconf 73' lang='lat' dir='ltr'>manu:</span> 
     </span>
     <span class='ocr_line' id='line_1_19' title="bbox 219 2101 1441 2190; baseline 0.002 -24"><span class='ocrx_word' id='word_1_160' title='bbox 219 2101 319 2184; x_wconf 83' lang='lat'>1565.</span> <span class='ocrx_word' id='word_1_161' title='bbox 348 2101 569 2188; x_wconf 87' lang='lat' dir='ltr'>Heilspergh.</span> <span class='ocrx_word' id='word_1_162' title='bbox 599 2101 779 2169; x_wconf 86' lang='lat' dir='ltr'>Cardinale</span> <span class='ocrx_word' id='word_1_163' title='bbox 800 2101 1004 2170; x_wconf 85' lang='lat' dir='ltr'>varmiense.</span> <span class='ocrx_word' id='word_1_164' title='bbox 1033 2125 1054 2190; x_wconf 87' lang='lat'>9</span> <span class='ocrx_word' id='word_1_165' title='bbox 1079 2104 1227 2190; x_wconf 81' lang='lat' dir='ltr'>Agosto.</span> <span class='ocrx_word' id='word_1_166' title='bbox 1251 2102 1370 2190; x_wconf 78' lang='lat' dir='ltr'>Sigittr&#39;</span> <span class='ocrx_word' id='word_1_167' title='bbox 1384 2123 1441 2168; x_wconf 87' lang='lat' dir='ltr'>ve-</span> 
     </span>
     <span class='ocr_line' id='line_1_20' title="bbox 214 2191 378 2276; baseline 0 -21"><span class='ocrx_word' id='word_1_168' title='bbox 214 2191 378 2276; x_wconf 85' lang='lat' dir='ltr'>stigium.</span> 
     </span>
    </p>
   </div>
   <div class='ocr_carea' id='block_1_3' title="bbox 797 2385 857 2452">
    <p class='ocr_par' dir='ltr' id='par_1_4' title="bbox 797 2385 857 2452">
     <span class='ocr_line' id='line_1_21' title="bbox 797 2385 857 2452; baseline -0.033 0"><span class='ocrx_word' id='word_1_169' title='bbox 797 2385 857 2452; x_wconf 92' lang='lat' dir='ltr'>LII</span> 
     </span>
    </p>
   </div>
   <div class='ocr_carea' id='block_1_4' title="bbox 550 2506 1102 2672">
    <p class='ocr_par' dir='ltr' id='par_1_5' title="bbox 550 2506 1102 2672">
     <span class='ocr_line' id='line_1_22' title="bbox 550 2506 1102 2566; baseline 0.004 -2"><span class='ocrx_word' id='word_1_170' title='bbox 550 2507 880 2566; x_wconf 84' lang='lat' dir='ltr'>STANISLAUS</span> <span class='ocrx_word' id='word_1_171' title='bbox 908 2506 1102 2566; x_wconf 89' lang='lat' dir='ltr'>HOSIUS</span> 
     </span>
     <span class='ocr_line' id='line_1_23' title="bbox 654 2613 997 2672; baseline -0.006 -1"><span class='ocrx_word' id='word_1_172' title='bbox 654 2613 809 2672; x_wconf 82' lang='lat' dir='ltr'>cardinalis</span> <span class='ocrx_word' id='word_1_173' title='bbox 823 2614 997 2671; x_wconf 85' lang='lat' dir='ltr'>varmiensis</span> 
     </span>
    </p>
   </div>
   <div class='ocr_carea' id='block_1_5' title="bbox 293 2741 1349 3046">
    <p class='ocr_par' dir='ltr' id='par_1_6' title="bbox 293 2741 1349 3046">
     <span class='ocr_line' id='line_1_24' title="bbox 560 2741 1084 2807; baseline -0.006 -15"><span class='ocrx_word' id='word_1_174' title='bbox 560 2745 668 2792; x_wconf 81' lang='lat' dir='ltr'>PATRI</span> <span class='ocrx_word' id='word_1_175' title='bbox 692 2745 821 2807; x_wconf 84' lang='lat' dir='ltr'>JOANNI</span> <span class='ocrx_word' id='word_1_176' title='bbox 847 2745 895 2792; x_wconf 89' lang='lat' dir='ltr'>DE</span> <span class='ocrx_word' id='word_1_177' title='bbox 919 2741 1084 2790; x_wconf 86' lang='lat' dir='ltr'>POLANCO</span> 
     </span>
     <span class='ocr_line' id='line_1_25' title="bbox 496 2845 1153 2937; baseline -0.006 -21"><span class='ocrx_word' id='word_1_178' title='bbox 496 2847 733 2936; x_wconf 85' lang='lat' dir='ltr'>Heilsbergae‚</span> <span class='ocrx_word' id='word_1_179' title='bbox 763 2867 806 2937; x_wconf 87' lang='lat'>29</span> <span class='ocrx_word' id='word_1_180' title='bbox 830 2847 983 2936; x_wconf 82' lang='lat' dir='ltr'>Augusti</span> <span class='ocrx_word' id='word_1_181' title='bbox 1015 2846 1099 2930; x_wconf 84' lang='lat'>1565</span> <span class='ocrx_word' id='word_1_182' title='bbox 1128 2845 1153 2912; x_wconf 83' lang='lat'>⁴.</span> 
     </span>
     <span class='ocr_line' id='line_1_26' title="bbox 293 2969 1349 3046; baseline -0.009 -12"><span class='ocrx_word' id='word_1_183' title='bbox 293 2976 470 3034; x_wconf 72' lang='lat' dir='ltr'>Societatem</span> <span class='ocrx_word' id='word_1_184' title='bbox 475 2973 551 3045; x_wconf 85' lang='lat' dir='ltr'>Jesu</span> <span class='ocrx_word' id='word_1_185' title='bbox 563 2974 598 3030; x_wconf 81' lang='lat' dir='ltr'>in</span> <span class='ocrx_word' id='word_1_186' title='bbox 609 2973 840 3046; x_wconf 75' lang='lat' dir='ltr'>septentrionem</span> <span class='ocrx_word' id='word_1_187' title='bbox 853 2989 922 3026; x_wconf 83' lang='lat' dir='ltr'>suos</span> <span class='ocrx_word' id='word_1_188' title='bbox 934 2987 1036 3026; x_wconf 80' lang='lat' dir='ltr'>remos</span> <span class='ocrx_word' id='word_1_189' title='bbox 1048 2969 1205 3026; x_wconf 70' lang='lat' dir='ltr'>extendere</span> <span class='ocrx_word' id='word_1_190' title='bbox 1219 2970 1349 3043; x_wconf 83' lang='lat' dir='ltr'>gaudet.</span> 
     </span>
    </p>
   </div>
   <div class='ocr_carea' id='block_1_6' title="bbox 206 3075 1510 4059">
    <p class='ocr_par' dir='ltr' id='par_1_7' title="bbox 206 3075 1510 4059">
     <span class='ocr_line' id='line_1_27' title="bbox 277 3075 1435 3158; baseline -0.008 -7"><span class='ocrx_word' id='word_1_191' title='bbox 277 3085 362 3151; x_wconf 87' lang='lat' dir='ltr'>Rde.</span> <span class='ocrx_word' id='word_1_192' title='bbox 386 3083 490 3150; x_wconf 87' lang='lat' dir='ltr'>Pater</span> <span class='ocrx_word' id='word_1_193' title='bbox 507 3078 544 3146; x_wconf 92' lang='lat' dir='ltr'>in</span> <span class='ocrx_word' id='word_1_194' title='bbox 564 3079 713 3158; x_wconf 86' lang='lat' dir='ltr'>Christo,</span> <span class='ocrx_word' id='word_1_195' title='bbox 736 3077 835 3144; x_wconf 90' lang='lat' dir='ltr'>nobis</span> <span class='ocrx_word' id='word_1_196' title='bbox 850 3075 1047 3144; x_wconf 83' lang='lat' dir='ltr'>charissime</span> <span class='ocrx_word' id='word_1_197' title='bbox 1062 3085 1097 3142; x_wconf 89' lang='lat' dir='ltr'>et</span> <span class='ocrx_word' id='word_1_198' title='bbox 1113 3075 1322 3156; x_wconf 81' lang='lat' dir='ltr'>honorande,</span> <span class='ocrx_word' id='word_1_199' title='bbox 1341 3075 1435 3144; x_wconf 80' lang='lat' dir='ltr'>salu-</span> 
     </span>
     <span class='ocr_line' id='line_1_28' title="bbox 208 3162 1510 3240; baseline -0.008 -2"><span class='ocrx_word' id='word_1_200' title='bbox 208 3185 279 3240; x_wconf 84' lang='lat' dir='ltr'>tem</span> <span class='ocrx_word' id='word_1_201' title='bbox 294 3181 329 3239; x_wconf 90' lang='lat' dir='ltr'>et</span> <span class='ocrx_word' id='word_1_202' title='bbox 345 3169 460 3238; x_wconf 89' lang='lat' dir='ltr'>omnia</span> <span class='ocrx_word' id='word_1_203' title='bbox 476 3167 619 3236; x_wconf 80' lang='lat' dir='ltr'>foelicia.</span> <span class='ocrx_word' id='word_1_204' title='bbox 639 3166 872 3236; x_wconf 86' lang='lat' dir='ltr'>Renunciatur</span> <span class='ocrx_word' id='word_1_205' title='bbox 888 3165 992 3232; x_wconf 89' lang='lat' dir='ltr'>michi</span> <span class='ocrx_word' id='word_1_206' title='bbox 1005 3162 1094 3230; x_wconf 92' lang='lat' dir='ltr'>mitti</span> <span class='ocrx_word' id='word_1_207' title='bbox 1109 3166 1178 3230; x_wconf 93' lang='lat' dir='ltr'>huc</span> <span class='ocrx_word' id='word_1_208' title='bbox 1195 3184 1216 3228; x_wconf 89' lang='lat' dir='ltr'>a</span> <span class='ocrx_word' id='word_1_209' title='bbox 1232 3163 1331 3230; x_wconf 90' lang='lat' dir='ltr'>uobis</span> <span class='ocrx_word' id='word_1_210' title='bbox 1347 3185 1434 3232; x_wconf 92' lang='lat' dir='ltr'>non·</span> <span class='ocrx_word' id='word_1_211' title='bbox 1508 3223 1510 3227; x_wconf 79' lang='grc'>,</span> 
     </span>
     <span class='ocr_line' id='line_1_29' title="bbox 208 3251 1434 3340; baseline -0.007 -12"><span class='ocrx_word' id='word_1_212' title='bbox 208 3261 320 3328; x_wconf 90' lang='lat' dir='ltr'>nullos</span> <span class='ocrx_word' id='word_1_213' title='bbox 335 3283 378 3329; x_wconf 81' lang='lat' dir='ltr'>ex</span> <span class='ocrx_word' id='word_1_214' title='bbox 394 3259 565 3328; x_wconf 89' lang='lat' dir='ltr'>Societate</span> <span class='ocrx_word' id='word_1_215' title='bbox 581 3269 705 3334; x_wconf 80' lang='lat' dir='ltr'>vestra,</span> <span class='ocrx_word' id='word_1_216' title='bbox 725 3255 782 3340; x_wconf 93' lang='lat' dir='ltr'>qui</span> <span class='ocrx_word' id='word_1_217' title='bbox 795 3256 886 3340; x_wconf 91' lang='lat' dir='ltr'>apud</span> <span class='ocrx_word' id='word_1_218' title='bbox 897 3256 1022 3321; x_wconf 73' lang='lat' dir='ltr'>Rnum</span> <span class='ocrx_word' id='word_1_219' title='bbox 1045 3252 1220 3318; x_wconf 91' lang='lat' dir='ltr'>dominum</span> <span class='ocrx_word' id='word_1_220' title='bbox 1237 3251 1434 3338; x_wconf 88' lang='lat' dir='ltr'>episcopum</span> 
     </span>
     <span class='ocr_line' id='line_1_30' title="bbox 209 3341 1434 3438; baseline -0.008 -22"><span class='ocrx_word' id='word_1_221' title='bbox 209 3353 402 3438; x_wconf 88' lang='lat' dir='ltr'>plocensem</span> <span class='ocrx_word' id='word_1_222' title='bbox 430 3347 465 3413; x_wconf 93' lang='lat' dir='ltr'>in</span> <span class='ocrx_word' id='word_1_223' title='bbox 490 3345 634 3432; x_wconf 88' lang='lat' dir='ltr'>collegio</span> <span class='ocrx_word' id='word_1_224' title='bbox 662 3365 722 3430; x_wconf 87' lang='lat' dir='ltr'>per</span> <span class='ocrx_word' id='word_1_225' title='bbox 748 3345 860 3431; x_wconf 88' lang='lat' dir='ltr'>ipsum</span> <span class='ocrx_word' id='word_1_226' title='bbox 887 3352 1062 3411; x_wconf 84' lang='lat' dir='ltr'>exstructo</span> <span class='ocrx_word' id='word_1_227' title='bbox 1090 3341 1306 3409; x_wconf 88' lang='lat' dir='ltr'>iuuentutem</span> <span class='ocrx_word' id='word_1_228' title='bbox 1334 3341 1434 3407; x_wconf 89' lang='lat' dir='ltr'>insti-</span> 
     </span>
     <span class='ocr_line' id='line_1_31' title="bbox 210 3429 1435 3519; baseline -0.007 -15"><span class='ocrx_word' id='word_1_229' title='bbox 210 3451 306 3507; x_wconf 90' lang='lat' dir='ltr'>tuant</span> <span class='ocrx_word' id='word_1_230' title='bbox 319 3450 353 3504; x_wconf 90' lang='lat' dir='ltr'>et</span> <span class='ocrx_word' id='word_1_231' title='bbox 368 3434 548 3504; x_wconf 88' lang='lat' dir='ltr'>seminario</span> <span class='ocrx_word' id='word_1_232' title='bbox 562 3433 719 3519; x_wconf 88' lang='lat' dir='ltr'>praesint.</span> <span class='ocrx_word' id='word_1_233' title='bbox 739 3434 898 3518; x_wconf 84' lang='lat' dir='ltr'>Quorum</span> <span class='ocrx_word' id='word_1_234' title='bbox 915 3430 1016 3500; x_wconf 87' lang='lat' dir='ltr'>etiam</span> <span class='ocrx_word' id='word_1_235' title='bbox 1034 3441 1149 3498; x_wconf 86' lang='lat' dir='ltr'>rector</span> <span class='ocrx_word' id='word_1_236' title='bbox 1161 3431 1297 3495; x_wconf 86' lang='lat' dir='ltr'>futurus</span> <span class='ocrx_word' id='word_1_237' title='bbox 1310 3429 1435 3496; x_wconf 87' lang='lat' dir='ltr'>dicitur</span> 
     </span>
     <span class='ocr_line' id='line_1_32' title="bbox 212 3517 1432 3608; baseline -0.009 -12"><span class='ocrx_word' id='word_1_238' title='bbox 212 3532 250 3596; x_wconf 87' lang='lat' dir='ltr'>P.</span> <span class='ocrx_word' id='word_1_239' title='bbox 270 3529 447 3595; x_wconf 88' lang='lat' dir='ltr'>Balthasar</span> <span class='ocrx_word' id='word_1_240' title='bbox 464 3527 488 3602; x_wconf 77' lang='lat'>⁸,</span> <span class='ocrx_word' id='word_1_241' title='bbox 511 3522 569 3608; x_wconf 91' lang='lat' dir='ltr'>qui</span> <span class='ocrx_word' id='word_1_242' title='bbox 590 3522 654 3588; x_wconf 85' lang='lat' dir='ltr'>fuit</span> <span class='ocrx_word' id='word_1_243' title='bbox 674 3526 839 3588; x_wconf 88' lang='lat' dir='ltr'>hactenus</span> <span class='ocrx_word' id='word_1_244' title='bbox 860 3521 895 3587; x_wconf 93' lang='lat' dir='ltr'>in</span> <span class='ocrx_word' id='word_1_245' title='bbox 919 3518 1044 3586; x_wconf 88' lang='lat' dir='ltr'>familia</span> <span class='ocrx_word' id='word_1_246' title='bbox 1068 3518 1165 3584; x_wconf 92' lang='lat' dir='ltr'>Illmi.</span> <span class='ocrx_word' id='word_1_247' title='bbox 1185 3517 1313 3583; x_wconf 90' lang='lat' dir='ltr'>domini</span> <span class='ocrx_word' id='word_1_248' title='bbox 1329 3519 1432 3585; x_wconf 90' lang='lat' dir='ltr'>Com·</span> 
     </span>
     <span class='ocr_line' id='line_1_33' title="bbox 211 3607 1432 3698; baseline -0.011 -14"><span class='ocrx_word' id='word_1_249' title='bbox 211 3614 383 3695; x_wconf 79' lang='lat' dir='ltr'>menduni,</span> <span class='ocrx_word' id='word_1_250' title='bbox 400 3611 581 3680; x_wconf 89' lang='lat' dir='ltr'>cardinalis</span> <span class='ocrx_word' id='word_1_251' title='bbox 592 3610 708 3698; x_wconf 86' lang='lat' dir='ltr'>legati.</span> <span class='ocrx_word' id='word_1_252' title='bbox 728 3614 781 3677; x_wconf 92' lang='lat' dir='ltr'>Ac</span> <span class='ocrx_word' id='word_1_253' title='bbox 799 3613 1020 3677; x_wconf 89' lang='lat' dir='ltr'>uehementer</span> <span class='ocrx_word' id='word_1_254' title='bbox 1041 3607 1178 3692; x_wconf 90' lang='lat' dir='ltr'>quidem</span> <span class='ocrx_word' id='word_1_255' title='bbox 1195 3607 1330 3692; x_wconf 86' lang='lat' dir='ltr'>gaudeo</span> <span class='ocrx_word' id='word_1_256' title='bbox 1352 3629 1432 3673; x_wconf 90' lang='lat' dir='ltr'>san-</span> 
     </span>
     <span class='ocr_line' id='line_1_34' title="bbox 209 3696 1433 3780; baseline -0.011 -7"><span class='ocrx_word' id='word_1_257' title='bbox 209 3716 299 3773; x_wconf 86' lang='lat' dir='ltr'>ctam</span> <span class='ocrx_word' id='word_1_258' title='bbox 314 3707 403 3771; x_wconf 91' lang='lat' dir='ltr'>hanc</span> <span class='ocrx_word' id='word_1_259' title='bbox 429 3713 577 3769; x_wconf 89' lang='lat' dir='ltr'>vestram</span> <span class='ocrx_word' id='word_1_260' title='bbox 604 3699 813 3768; x_wconf 86' lang='lat' dir='ltr'>Societatem</span> <span class='ocrx_word' id='word_1_261' title='bbox 839 3697 875 3764; x_wconf 91' lang='lat' dir='ltr'>in</span> <span class='ocrx_word' id='word_1_262' title='bbox 892 3701 983 3763; x_wconf 87' lang='lat' dir='ltr'>hunc</span> <span class='ocrx_word' id='word_1_263' title='bbox 1000 3696 1102 3763; x_wconf 86' lang='lat' dir='ltr'>etiam</span> <span class='ocrx_word' id='word_1_264' title='bbox 1122 3707 1276 3761; x_wconf 86' lang='lat' dir='ltr'>nostrum</span> <span class='ocrx_word' id='word_1_265' title='bbox 1294 3705 1433 3780; x_wconf 88' lang='lat' dir='ltr'>septen-</span> 
     </span>
     <span class='ocr_line' id='line_1_35' title="bbox 210 3783 1433 3872; baseline -0.009 -10"><span class='ocrx_word' id='word_1_266' title='bbox 210 3796 354 3862; x_wconf 86' lang='lat' dir='ltr'>trionem</span> <span class='ocrx_word' id='word_1_267' title='bbox 370 3813 451 3859; x_wconf 90' lang='lat' dir='ltr'>suos</span> <span class='ocrx_word' id='word_1_268' title='bbox 468 3811 577 3856; x_wconf 89' lang='lat' dir='ltr'>ramos</span> <span class='ocrx_word' id='word_1_269' title='bbox 594 3790 788 3870; x_wconf 87' lang='lat' dir='ltr'>extendere;</span> <span class='ocrx_word' id='word_1_270' title='bbox 808 3798 911 3872; x_wconf 89' lang='lat' dir='ltr'>atque</span> <span class='ocrx_word' id='word_1_271' title='bbox 929 3785 1056 3853; x_wconf 89' lang='lat' dir='ltr'>utinam</span> <span class='ocrx_word' id='word_1_272' title='bbox 1078 3783 1152 3868; x_wconf 89' lang='lat' dir='ltr'>alijs</span> <span class='ocrx_word' id='word_1_273' title='bbox 1172 3783 1274 3850; x_wconf 91' lang='lat' dir='ltr'>etiam</span> <span class='ocrx_word' id='word_1_274' title='bbox 1298 3784 1333 3849; x_wconf 92' lang='lat' dir='ltr'>in</span> <span class='ocrx_word' id='word_1_275' title='bbox 1350 3784 1433 3851; x_wconf 91' lang='lat' dir='ltr'>locis</span> 
     </span>
     <span class='ocr_line' id='line_1_36' title="bbox 207 3871 1433 3966; baseline -0.012 -13"><span class='ocrx_word' id='word_1_276' title='bbox 207 3896 243 3953; x_wconf 89' lang='lat' dir='ltr'>et</span> <span class='ocrx_word' id='word_1_277' title='bbox 258 3880 472 3950; x_wconf 88' lang='lat' dir='ltr'>diocaesibus</span> <span class='ocrx_word' id='word_1_278' title='bbox 487 3877 559 3966; x_wconf 87' lang='lat' dir='ltr'>[sic]</span> <span class='ocrx_word' id='word_1_279' title='bbox 580 3877 700 3944; x_wconf 87' lang='lat' dir='ltr'>similia</span> <span class='ocrx_word' id='word_1_280' title='bbox 721 3879 764 3942; x_wconf 87' lang='lat' dir='ltr'>ab</span> <span class='ocrx_word' id='word_1_281' title='bbox 784 3874 952 3961; x_wconf 89' lang='lat' dir='ltr'>episcopis</span> <span class='ocrx_word' id='word_1_282' title='bbox 971 3872 1097 3940; x_wconf 87' lang='lat' dir='ltr'>nostris</span> <span class='ocrx_word' id='word_1_283' title='bbox 1117 3871 1341 3940; x_wconf 88' lang='lat' dir='ltr'>instituantur</span> <span class='ocrx_word' id='word_1_284' title='bbox 1361 3874 1433 3940; x_wconf 91' lang='lat' dir='ltr'>col-</span> 
     </span>
     <span class='ocr_line' id='line_1_37' title="bbox 206 3962 1432 4059; baseline -0.008 -21"><span class='ocrx_word' id='word_1_285' title='bbox 206 3971 308 4059; x_wconf 85' lang='lat' dir='ltr'>legia,</span> <span class='ocrx_word' id='word_1_286' title='bbox 326 3994 369 4039; x_wconf 86' lang='lat' dir='ltr'>ex</span> <span class='ocrx_word' id='word_1_287' title='bbox 384 3969 510 4054; x_wconf 92' lang='lat' dir='ltr'>quibus</span> <span class='ocrx_word' id='word_1_288' title='bbox 527 3969 658 4034; x_wconf 86' lang='lat' dir='ltr'>fructus</span> <span class='ocrx_word' id='word_1_289' title='bbox 673 3965 742 4048; x_wconf 88' lang='lat' dir='ltr'>ille,</span> <span class='ocrx_word' id='word_1_290' title='bbox 760 3987 862 4051; x_wconf 87' lang='lat' dir='ltr'>quem</span> <span class='ocrx_word' id='word_1_291' title='bbox 878 3984 1054 4056; x_wconf 85' lang='lat' dir='ltr'>speramus</span> <span class='ocrx_word' id='word_1_292' title='bbox 1070 3972 1104 4030; x_wconf 88' lang='lat' dir='ltr'>et</span> <span class='ocrx_word' id='word_1_293' title='bbox 1120 3972 1291 4049; x_wconf 77' lang='lat' dir='ltr'>optamuS,</span> <span class='ocrx_word' id='word_1_294' title='bbox 1314 3962 1358 4029; x_wconf 89' lang='lat' dir='ltr'>ad</span> <span class='ocrx_word' id='word_1_295' title='bbox 1373 3983 1432 4030; x_wconf 89' lang='lat' dir='ltr'>ec-</span> 
     </span>
    </p>
   </div>
   <div class='ocr_carea' id='block_1_7' title="bbox 213 4107 417 4122">
    <p class='ocr_par' dir='ltr' id='par_1_8' title="bbox 213 4107 417 4122">
     <span class='ocr_line' id='line_1_38' title="bbox 213 4107 417 4122; baseline -0.005 -4"><span class='ocrx_word' id='word_1_296' title='bbox 213 4107 417 4122; x_wconf 66' lang='lat'>-—--</span> 
     </span>
    </p>
   </div>
   <div class='ocr_carea' id='block_1_8' title="bbox 260 4177 584 4251">
    <p class='ocr_par' dir='ltr' id='par_1_9' title="bbox 260 4177 584 4251">
     <span class='ocr_line' id='line_1_39' title="bbox 260 4177 584 4251; baseline -0.022 -12"><span class='ocrx_word' id='word_1_297' title='bbox 260 4191 267 4220; x_wconf 84' lang='lat'><strong>¹</strong></span> <span class='ocrx_word' id='word_1_298' title='bbox 304 4186 458 4251; x_wconf 66' lang='lat' dir='ltr'>Panno„</span> <span class='ocrx_word' id='word_1_299' title='bbox 472 4181 523 4243; x_wconf 85' lang='lat' dir='ltr'>IV,</span> <span class='ocrx_word' id='word_1_300' title='bbox 541 4177 584 4233; x_wconf 91' lang='lat'>13.</span> 
     </span>
    </p>
   </div>
   <div class='ocr_carea' id='block_1_9' title="bbox 254 4253 1428 4466">
    <p class='ocr_par' dir='ltr' id='par_1_10' title="bbox 254 4253 1428 4466">
     <span class='ocr_line' id='line_1_40' title="bbox 254 4253 1255 4396; baseline -0.009 -15"><span class='ocrx_word' id='word_1_301' title='bbox 254 4253 813 4394; x_wconf 58' lang='lat' dir='ltr'>3&#39;llltr.flr‚²t·s;tnc.,x‚2.</span> <span class='ocrx_word' id='word_1_302' title='bbox 1143 4383 1149 4395; x_wconf 59' lang='grc'>,</span> <span class='ocrx_word' id='word_1_303' title='bbox 1249 4383 1255 4396; x_wconf 62' lang='grc'><strong>,</strong></span> 
     </span>
     <span class='ocr_line' id='line_1_41' title="bbox 254 4382 1428 4466; baseline -0.01 -15"><span class='ocrx_word' id='word_1_304' title='bbox 254 4403 266 4434; x_wconf 85' lang='lat'>⁴</span> <span class='ocrx_word' id='word_1_305' title='bbox 303 4398 347 4452; x_wconf 87' lang='lat' dir='ltr'>Ex</span> <span class='ocrx_word' id='word_1_306' title='bbox 360 4396 481 4466; x_wconf 83' lang='lat' dir='ltr'>archety</span> <span class='ocrx_word' id='word_1_307' title='bbox 523 4392 574 4457; x_wconf 89' lang='lat' dir='ltr'>‚in</span> <span class='ocrx_word' id='word_1_308' title='bbox 589 4389 662 4446; x_wconf 78' lang='lat' dir='ltr'>Coe.</span> <span class='ocrx_word' id='word_1_309' title='bbox 678 4389 724 4460; x_wconf 79' lang='lat'>38,</span> <span class='ocrx_word' id='word_1_310' title='bbox 738 4385 847 4461; x_wconf 89' lang='lat' dir='ltr'>duplici</span> <span class='ocrx_word' id='word_1_311' title='bbox 863 4385 925 4453; x_wconf 77' lang='lat' dir='ltr'>rot,</span> <span class='ocrx_word' id='word_1_312' title='bbox 942 4383 993 4441; x_wconf 86' lang='lat'>123</span> <span class='ocrx_word' id='word_1_313' title='bbox 1005 4387 1091 4453; x_wconf 80' lang='lat'>(204).</span> <span class='ocrx_word' id='word_1_314' title='bbox 1112 4383 1188 4439; x_wconf 86' lang='lat' dir='ltr'>Vrde</span> <span class='ocrx_word' id='word_1_315' title='bbox 1208 4391 1295 4455; x_wconf 76' lang='lat' dir='ltr'>epist.</span> <span class='ocrx_word' id='word_1_316' title='bbox 1310 4382 1373 4454; x_wconf 80' lang='lat'>348;</span> <span class='ocrx_word' id='word_1_317' title='bbox 1397 4392 1428 4439; x_wconf 91' lang='lat' dir='ltr'>et</span> 
     </span>
    </p>
   </div>
   <div class='ocr_carea' id='block_1_10' title="bbox 201 4463 1427 4602">
    <p class='ocr_par' dir='ltr' id='par_1_11' title="bbox 201 4463 1427 4602">
     <span class='ocr_line' id='line_1_42' title="bbox 201 4463 1409 4538; baseline 0.002 -11"><span class='ocrx_word' id='word_1_318' title='bbox 201 4489 218 4527; x_wconf 89' lang='lat' dir='ltr'>a</span> <span class='ocrx_word' id='word_1_319' title='bbox 279 4465 477 4537; x_wconf 84' lang='lat' dir='ltr'>nd.‚XLl‚X</span> <span class='ocrx_word' id='word_1_320' title='bbox 504 4463 612 4527; x_wconf 80' lang='lat' dir='ltr'>V‚etc.</span> <span class='ocrx_word' id='word_1_321' title='bbox 1112 4525 1118 4537; x_wconf 78' lang='grc'>,</span> <span class='ocrx_word' id='word_1_322' title='bbox 1157 4525 1163 4538; x_wconf 80' lang='grc'>,</span> <span class='ocrx_word' id='word_1_323' title='bbox 1403 4526 1409 4537; x_wconf 88' lang='grc'>,</span> 
     </span>
     <span class='ocr_line' id='line_1_43' title="bbox 220 4487 1427 4602; baseline -0.011 -8"><span class='ocrx_word' id='word_1_324' title='bbox 220 4487 277 4578; x_wconf 52' lang='lat' dir='ltr'>pp?</span> <span class='ocrx_word' id='word_1_325' title='bbox 303 4540 337 4594; x_wconf 88' lang='grc' dir='ltr'>Ρ.</span> <span class='ocrx_word' id='word_1_326' title='bbox 350 4539 501 4594; x_wconf 84' lang='lat' dir='ltr'>Balthasar</span> <span class='ocrx_word' id='word_1_327' title='bbox 513 4533 708 4602; x_wconf 85' lang='lat' dir='ltr'>Hostovinus,</span> <span class='ocrx_word' id='word_1_328' title='bbox 721 4529 758 4586; x_wconf 89' lang='lat' dir='ltr'>de</span> <span class='ocrx_word' id='word_1_329' title='bbox 771 4545 829 4602; x_wconf 89' lang='lat' dir='ltr'>quo</span> <span class='ocrx_word' id='word_1_330' title='bbox 843 4527 960 4601; x_wconf 84' lang='lat' dir='ltr'>saepius</span> <span class='ocrx_word' id='word_1_331' title='bbox 972 4527 1003 4582; x_wconf 86' lang='lat' dir='ltr'>in</span> <span class='ocrx_word' id='word_1_332' title='bbox 1021 4527 1221 4598; x_wconf 75' lang='lat' dir='ltr'>superioribus</span> <span class='ocrx_word' id='word_1_333' title='bbox 1241 4524 1427 4581; x_wconf 85' lang='lat' dir='ltr'>documentrs</span> 
     </span>
    </p>
   </div>
   <div class='ocr_carea' id='block_1_11' title="bbox 203 4599 1319 4789">
    <p class='ocr_par' dir='ltr' id='par_1_12' title="bbox 203 4599 1319 4789">
     <span class='ocr_line' id='line_1_44' title="bbox 203 4599 428 4670; baseline -0.036 0"><span class='ocrx_word' id='word_1_334' title='bbox 203 4599 428 4670; x_wconf 87' lang='lat' dir='ltr'>sermoincidit.</span> 
     </span>
     <span class='ocr_line' id='line_1_45' title="bbox 310 4727 1319 4789; baseline -0.031 0"><span class='ocrx_word' id='word_1_335' title='bbox 310 4743 396 4789; x_wconf 72' lang='lat' dir='ltr'>Error.</span> <span class='ocrx_word' id='word_1_336' title='bbox 410 4740 439 4786; x_wconf 88' lang='lat' dir='ltr'>P.</span> <span class='ocrx_word' id='word_1_337' title='bbox 454 4740 554 4788; x_wconf 67' lang='lat' dir='ltr'>Nonne.</span> <span class='ocrx_word' id='word_1_338' title='bbox 569 4735 633 4780; x_wconf 75' lang='lat' dir='ltr'>Tou.</span> <span class='ocrx_word' id='word_1_339' title='bbox 649 4735 683 4780; x_wconf 91' lang='lat' dir='ltr'>ll.</span> <span class='ocrx_word' id='word_1_340' title='bbox 1292 4727 1319 4771; x_wconf 67' lang='lat' dir='ltr'><em>u</em></span> 
     </span>
    </p>
   </div>
   <div class='ocr_carea' id='block_1_12' title="bbox 0 0 1822 5396">
    <p class='ocr_par' dir='ltr' id='par_1_13' title="bbox 0 0 1822 5396">
     <span class='ocr_line' id='line_1_46' title="bbox 0 0 1822 5396; baseline 0 9"><span class='ocrx_word' id='word_1_341' title='bbox 0 0 1822 5396; x_wconf 95' lang='lat' dir='ltr'> </span> 
     </span>
    </p>
   </div>
  </div>
 </body>
</html>
