3666 5384
399 471 431 516 xi
744 470 935 528 Proormuu
954 481 1091 528 saeuum
1110 481 1280 526 vocumms

399 615 543 684 concilio
559 629 741 700 oratorem,
760 621 922 690 Societati
938 619 1205 689 addictissimum
1222 640 1259 686 se
1275 618 1484 706 praebuisse,
1502 623 1622 688 Moro-

399 752 478 798 nem
494 742 529 801 et
544 733 670 802 Lainez
689 735 870 821 prudentia
889 747 925 805 et
946 736 1112 804 modestia
1130 734 1315 822 plurimum
1336 736 1379 802 ad
1399 755 1517 822 pacem
1533 735 1622 802 inter

402 851 522 914 Patres
537 848 741 918 tridentinae
760 851 881 936 synodi
896 851 1163 920 conservandam
1186 849 1366 936 profuisse,
1383 872 1427 918 ex
1446 848 1548 916 variis
1563 850 1620 916 lit-

402 961 483 1030 teris
495 963 701 1032 luculentius
717 966 856 1051 patebit.

468 1079 511 1144 Et
523 1079 678 1165 quamvis
694 1081 848 1148 nonnulli
864 1103 993 1162 eorum,
1012 1082 1070 1168 qui
1082 1081 1225 1150 concilio
1239 1083 1380 1149 aderant
1395 1080 1431 1147 in
1442 1091 1523 1147 vota
1538 1081 1621 1148 sirn-

402 1193 502 1281 plicia
517 1193 698 1263 Societatis
714 1196 967 1278 inveherentur,
986 1195 1136 1285 episcopi
1147 1197 1184 1264 in
1195 1195 1522 1284 congregationibus
1531 1195 1623 1264 illam

402 1309 561 1377 laudibus
576 1312 785 1379 extollebant
801 1313 915 1400 (Majo,
938 1314 976 1380 18
988 1314 1072 1402 Jul.,
1091 1333 1113 1401 9
1128 1314 1224 1400 Aug.
1242 1313 1311 1399 63.)

470 1427 509 1492 ln
521 1427 659 1509 laabin,
673 1425 799 1495 Lainez
811 1426 907 1494 initia
918 1427 1054 1515 collegii
1066 1427 1243 1495 mantuani
1255 1427 1363 1514 ponit,
1377 1427 1512 1512 aliaque
1523 1447 1625 1514 egre-

404 1540 462 1628 gia
482 1539 518 1606 in
537 1539 594 1607 illa
616 1541 701 1609 urbe
721 1563 789 1608 non
810 1541 884 1610 sine
908 1542 1113 1610 valetudinis
1138 1542 1235 1630 gravi
1256 1543 1392 1628 jactura
1411 1543 1543 1629 perficit
1571 1545 1628 1629 (23

405 1657 503 1724 Febr.
529 1656 596 1742 63).
620 1656 811 1725 Cardinalis
830 1657 1007 1724 mantuani
1027 1658 1188 1726 Herculis
1207 1659 1395 1744 Gonzagae
1415 1656 1450 1724 in
1471 1656 1626 1738 Societa-

406 1781 474 1841 tem
490 1770 657 1840 beneficia
672 1784 707 1841 et
728 1771 783 1858 pia
798 1794 891 1840 mors
912 1773 1025 1840 Natali
1045 1773 1246 1840 nuntiantur
1267 1773 1353 1862 (oet
1378 1791 1418 1855 14
1437 1775 1537 1840 Mart.
1556 1773 1623 1860 63).

405 1886 672 1955 Mediolanensis
682 1888 818 1976 collegii
834 1889 1002 1957 institutio
1016 1909 1077 1976 per
1092 1887 1296 1957 cardinalem
1313 1891 1556 1956 Borromaeum
1572 1888 1627 1954 in-

405 2003 536 2071 stanter
551 2014 780 2089 promovetur,
798 2026 936 2092 operam
954 2003 1207 2072 conferentibus
1229 2024 1308 2071 curn
1324 2001 1510 2071 Laurentio
1525 2007 1627 2090 Mag-

406 2115 477 2204 giO,
495 2117 610 2204 legato
627 2120 760 2206 Vargas
775 2131 810 2187 et
825 2121 914 2189 duce
929 2121 972 2187 de
987 2121 1100 2189 Sessa:
1123 2119 1271 2206 optimae
1290 2120 1389 2187 sedes
1409 2117 1552 2187 aedibus
1566 2120 1627 2186 de-

406 2232 560 2319 liguntur
587 2235 637 2319 (21
662 2235 756 2321 Sept.
780 2237 846 2320 63).
870 2235 1077 2305 Benedictus
1095 2233 1245 2302 Palmius
1259 2255 1386 2321 magno
1406 2236 1572 2321 applausu
1593 2234 1630 2300 in

407 2349 525 2416 eadem
542 2350 628 2417 urbe
644 2350 864 2418 concionatur
881 2351 934 2438 (18
946 2352 1016 2439 Jul.
1035 2351 1101 2436 63).

474 2465 512 2532 ΙΝ
528 2464 683 2547 Garuli,
701 2465 922 2552 collegiorum
938 2463 1131 2534 rutenensis
1143 2475 1178 2532 et
1193 2465 1337 2532 tolosani
1348 2463 1488 2551 negotia
1500 2464 1634 2534 felicius

407 2579 590 2647 decurrere
605 2580 812 2668 incipiebant
828 2581 863 2647 in
878 2583 982 2651 finem
996 2591 1163 2668 vergente
1183 2601 1273 2648 anuo
1294 2581 1389 2664 15623
1413 2579 1552 2648 Parisiis
1567 2593 1632 2647 au-

408 2704 477 2763 tem
493 2696 667 2762 saeviebat
682 2698 757 2765 lues
776 2695 911 2780 infesta,
934 2718 1004 2782 qua
1018 2696 1115 2763 venis
1130 2699 1265 2779 hausta,
1279 2695 1507 2765 decumbebat
1523 2699 1631 2764 Broc-

409 2811 477 2878 tius
493 2832 571 2878 cum
588 2813 718 2880 Ottone
735 2811 925 2880 Briamont:
948 2812 1149 2878 Edmundus
1170 2813 1303 2898 Auger,
1327 2811 1489 2880 Morellus
1508 2822 1544 2879 et
1558 2811 1631 2878 Co-

407 2926 540 2994 drettus
566 2927 681 2993 fructu
710 2928 803 2994 haud
829 2927 1037 3014 poenitendo
1060 2927 1305 2994 concionantur
1330 2929 1362 3014 (4
1387 2929 1474 2995 Dec.
1500 2927 1560 3008 623
1587 2942 1632 3010 25

409 3041 489 3126 Maj.
505 3042 571 3127 63).
583 3041 675 3110 Socii
687 3045 848 3111 Tumone
859 3043 1044 3123 deturbati,
1053 3063 1148 3130 spem
1160 3043 1302 3129 proximi
1314 3063 1493 3130 regressus
1503 3041 1539 3108 in
1550 3063 1632 3129 pro-

408 3157 499 3243 prias
514 3159 613 3226 sedes
625 3157 833 3244 concipiunt.
849 3161 1032 3226 Manareus
1046 3157 1300 3225 commissarius
1311 3157 1444 3226 Galliae
1457 3155 1629 3226 renuntia-

410 3282 478 3354 tur,
496 3283 531 3340 et
550 3294 570 3339 a
585 3271 697 3342 Natali
713 3273 756 3340 de
772 3273 902 3342 ratione
918 3274 1021 3358 hujus
1033 3272 1134 3340 officii
1147 3283 1239 3340 reete
1256 3273 1465 3358 exsequendi
1475 3272 1632 3355 edoctus,

411 3387 559 3454 Parisios
575 3388 721 3456 mittitur
743 3389 796 3474 (18
810 3389 895 3478 Jul.,
915 3407 947 3472 7,
975 3407 1010 3456 11
1030 3397 1065 3456 et
1090 3408 1133 3473 30
1152 3379 1247 3476 Sept.
1267 3389 1334 3476 63).
1354 3392 1394 3457 P.
1417 3389 1638 3456 Maldonatus

412 3501 560 3570 Parisios
575 3523 654 3570 cum
677 3506 717 3570 P.
741 3504 903 3591 Venegas
922 3504 1113 3573 destinatur
1129 3507 1182 3592 (22
1200 3506 1297 3586 Oct,
1319 3524 1341 3592 9
1361 3506 1450 3571 Nov.
1477 3504 1533 3588 63,
1551 3504 1635 3588 etc.)

409 3620 449 3685 In
464 3618 539 3685 aliis
555 3619 693 3686 tandem
708 3618 825 3686 multis
842 3619 981 3686 Polanci
997 3617 1160 3705 epistolis,
1175 3620 1334 3687 derebus
1348 3618 1493 3700 Galliae,
1508 3619 1552 3686 de
1568 3639 1635 3684 no-

409 3733 463 3800 vis
484 3734 638 3821 collegiis
654 3755 841 3820 eorumque
856 3755 1031 3816 successu,
1045 3736 1089 3801 de
1109 3734 1359 3804 haereticorum
1375 3733 1572 3821 pertinacia,
1590 3734 1636 3799 de

411 3848 576 3936 operariis
603 3849 752 3919 strenuis
779 3862 815 3917 et
841 3849 1015 3937 magistris
1042 3849 1178 3918 selectis
1204 3851 1248 3916 ad
1274 3848 1419 3936 collegia
1445 3847 1634 3929 mittendis,

410 3966 554 4052 aliisque
575 3968 678 4034 rebus
699 3965 824 4053 passim
846 3965 957 4033 nuntii
978 3965 1075 4047 varii,
1098 3987 1158 4053 per
1183 3965 1361 4052 episcopos
1382 3966 1437 4035 vel
1459 3965 1640 4051 theologos

411 4082 521 4170 gallos
537 4081 738 4148 Tridentum
756 4081 956 4161 transmissi,
974 4101 1053 4147 cum
1070 4081 1183 4148 Natali
1198 4081 1505 4147 communicantur.

477 4199 684 4264 Hmnmuas
700 4196 795 4278 socii,
814 4195 879 4263 sub
895 4195 996 4263 novis
1018 4195 1288 4262 moderatoribus
1308 4218 1328 4262 a
1349 4194 1462 4263 Natali
1485 4204 1642 4264 recenter

411 4311 619 4393 constitutis,
638 4310 837 4399 diligentem
854 4333 991 4398 operam
1008 4311 1043 4378 in
1058 4311 1210 4399 genuino
1225 4311 1407 4381 Societatis
1422 4311 1543 4398 spiritu
1560 4331 1642 4410 pros

416 4428 588 4495 movendo
603 4449 640 4495 se
656 4449 782 4496 navare
799 4449 841 4496 ex
856 4427 960 4495 variis
975 4427 1126 4514 epistolis
1142 4429 1380 4508 ostendebant,
1399 4447 1543 4513 quarum
1555 4425 1642 4493 aliae

413 4553 496 4610 sunt
522 4565 653 4625 eorum,
677 4544 734 4632 qui
760 4544 803 4612 ad
827 4543 1070 4612 transmarinas
1090 4542 1269 4612 missiones
1289 4544 1345 4610 vel
1368 4541 1404 4608 in
1419 4541 1640 4610 Germaniam

411 4658 596 4740 inhiantes
614 4662 703 4727 hanc
720 4683 740 4728 a
754 4663 792 4728 P.
813 4661 923 4729 Nadal
935 4660 999 4728 sibi
1015 4658 1104 4726 viam
1122 4659 1228 4728 sterni
1244 4660 1464 4746 exoptabant,
1479 4658 1531 4745 (25
1545 4660 1642 4746 Jam,
