3604 5380
438 521 474 575 94
500 519 503 527 -
669 493 676 504 ”
861 503 894 555 Ρ.
916 501 1057 557 Nimis
1075 501 1241 558 Eranusa.

434 654 500 724 cio.
520 655 693 742 Respondi
704 653 839 723 ciuibus
863 656 906 722 ad
922 653 1048 739 aliqua,
1066 673 1154 738 quae
1176 654 1407 740 postulabant.
1428 652 1594 722 Discessit
1621 657 1664 721 P.

436 772 615 838 Emundus
631 770 882 838 concionatum.

502 885 731 956 Discessimus
746 897 782 955 et
797 907 861 954 nos
874 903 893 969 3
907 905 985 951 cum
1000 887 1040 950 P.
1056 883 1242 951 Paschasio
1256 894 1291 954 et
1303 886 1344 951 Ρ.
1360 884 1544 967 Annibale,
1558 905 1663 970 quem

321 986 323 992 ¹
434 1003 592 1070 volebam
621 1001 793 1070 Lutetiam
816 1021 949 1068 mecum
977 999 1106 1080 venire,
1132 1010 1170 1065 vt
1196 999 1265 1066 illic
1291 996 1441 1068 do'ceret.
1468 999 1665 1068 Audiebam

436 1118 527 1188 enim
548 1139 568 1183 a
597 1120 637 1185 P.
663 1115 830 1185 Pachasio
852 1114 1052 1202 aperiendas
1073 1115 1142 1182 illic
1165 1117 1299 1182 scholas
1323 1119 1350 1198 ¹;
1372 1115 1458 1183 alios
1487 1125 1667 1203 praeterea

435 1234 691 1300 abducebamus
707 1253 750 1298 ex
767 1229 1044 1300 tumonensibus

500 1348 593 1416 Hinc
608 1346 685 1414 misi
701 1346 882 1416 Ximenem
902 1367 982 1412 cum
998 1367 1067 1412 vno
1083 1347 1186 1415 fratre
1203 1347 1427 1433 Lugdunum,
1450 1367 1556 1432 quum
1572 1355 1665 1415 esset

437 1462 504 1531 iam
521 1471 726 1549 occupatum
744 1463 787 1528 ab
803 1461 996 1543 haereticis,
1019 1471 1057 1527 vt
1072 1462 1155 1530 ten
1171 1459 1336 1548 reciperet
1356 1481 1423 1544 400
1440 1463 1587 1542 francos,
1607 1459 1667 1546 qui

434 1589 534 1646 erant
549 1577 648 1646 nobis
663 1575 865 1645 numerandi
882 1599 903 1644 a
918 1588 1106 1644 mercatore
1126 1578 1273 1662 quodam
1294 1577 1387 1644 italo:
1412 1579 1542 1662 absque
1557 1578 1667 1645 detri-

436 1704 554 1761 mento
582 1694 683 1779 redijt
713 1714 792 1759 cum
828 1691 935 1759 literis
971 1691 1191 1778 collybisticis
1222 1694 1266 1759 ad
1307 1704 1529 1760 mercatorem
1571 1693 1667 1780 pari·

437 1808 586 1879 siensem
603 1811 629 1874 ¹.

504 2041 593 2112 ¹9⁰
754 2061 791 2108 nt
814 2061 966 2109 mineus
989 2061 1140 2109 srmouo
1164 2061 1347 2109 nurucmu

506 2276 612 2341 Erant
628 2273 753 2340 infesta
768 2272 890 2341 itinera
907 2282 1045 2359 propter
1064 2271 1312 2341 haereticorum
1336 2271 1566 2342 rebellionem.
1594 2275 1666 2342 Ve-

436 2389 551 2456 nimus
567 2389 745 2471 Melinum,
764 2387 822 2453 vbi
838 2408 944 2472 quum
961 2385 1227 2473 intelljgeremus
1243 2409 1413 2453 summum
1433 2409 1510 2455 esse
1529 2388 1666 2474 pericu-

437 2507 510 2572 lum
530 2504 565 2569 in
586 2503 643 2570 via
666 2503 826 2590 parisina,
856 2501 1049 2590 accepimus
1075 2501 1254 2568 consilium
1281 2503 1475 2570 remittendi
1501 2503 1664 2589 reliquos

439 2630 573 2706 praeter
584 2640 647 2686 nos
665 2639 696 2703 3,
716 2617 774 2704 qui
795 2617 933 2685 omnino
956 2639 1091 2686 eramus
1112 2617 1248 2686 venturi
1264 2619 1309 2684 ad
1328 2620 1367 2686 P.
1395 2620 1605 2706 generalem,
1632 2629 1666 2688 et

441 2738 480 2803 P.
501 2733 735 2816 Paschasium,
754 2732 813 2820 qui
829 2743 903 2802 erat
918 2731 1095 2800 Luteciam
1106 2732 1289 2800 rediturus.
1305 2733 1426 2820 Igitur,
1440 2733 1571 2801 remisis
1583 2735 1665 2804 reli-

440 2850 529 2936 quis,
549 2871 610 2916 nos
630 2848 635 2937 Ι
656 2867 678 2930 4
694 2850 737 2915 ad
753 2848 952 2914 euitandum
965 2847 1165 2934 periculum,
1180 2847 1298 2914 relicta
1309 2858 1402 2917 recta
1417 2848 1473 2915 via
1487 2849 1665 2917 Luteciam

438 2977 474 3033 et
490 2963 626 3047 vsitata,
644 2963 846 3030 diuertimus
862 2965 905 3029 ad
920 2964 1107 3043 dexteram,
1126 2973 1161 3032 et
1177 2963 1240 3030 iter
1261 2963 1403 3031 fecimus
1425 2985 1486 3050 per
1501 2967 1665 3051 Burgun-

436 3080 539 3159 diam,
568 3089 635 3146 ete.
668 3077 852 3148 Periclitati
874 3099 994 3144 sumus
1016 3079 1027 3110 ³
1049 3077 1187 3164 quidem
1210 3079 1245 3145 in
1267 3089 1338 3145 toto
1359 3079 1491 3160 itinere,
1515 3101 1592 3146 nam
1616 3079 1666 3146 ci-

440 3195 577 3280 ujtates,
596 3193 731 3279 oppida,
750 3192 830 3279 pagi
847 3203 944 3262 erant
960 3191 995 3258 in
1011 3191 1125 3272 armiS,
1143 3205 1266 3279 pontes
1283 3193 1399 3274 leuati,
1413 3193 1512 3280 quasi
1523 3195 1558 3261 in
1573 3193 1667 3262 obsi-

440 3309 554 3390 dione,
573 3308 822 3376 miserabantur
838 3307 958 3388 nostri,
976 3307 1035 3392 qui
1051 3328 1092 3374 eo
1110 3319 1261 3394 tempore
1280 3310 1444 3378 videbant
1460 3309 1525 3378 iter
1541 3311 1665 3390 lacere,

437 3435 473 3494 et
497 3424 633 3510 quidem
651 3423 798 3492 inermes
814 3434 848 3489 et
872 3423 1081 3509 peregrinos.
1109 3423 1178 3491 Sed
1202 3445 1306 3508 quum
1322 3425 1449 3511 vbique
1464 3423 1639 3492 videretur
1654 3425 1667 3456 ⁴

441 3539 619 3607 imminere
634 3540 716 3605 tot
736 3560 898 3624 praesens
917 3537 1117 3624 periculum,
1140 3539 1197 3606 illa
1217 3541 1285 3607 duo
1306 3542 1445 3610 luerunt
1465 3539 1665 3628 singularia:

442 3655 601 3742 primum,
620 3656 758 3741 quando
775 3653 931 3720 venimus
947 3655 991 3720 ad
1006 3674 1145 3740 pagum,
1164 3658 1254 3722 vnde
1273 3657 1376 3742 paulo
1386 3667 1488 3724 antea
1499 3655 1667 3724 discesse-

440 3780 518 3838 rant
534 3768 659 3838 milites
674 3768 849 3837 haeretici.
870 3785 955 3834 2,um
974 3770 1018 3836 ad
1033 3769 1234 3851 Sanctonas,
1253 3771 1312 3837 vbi
1322 3771 1452 3838 exclusi
1464 3773 1536 3840 fere
1546 3783 1665 3853 noctu,

437 3885 550 3953 coacti
566 3907 685 3954 sumus
700 3884 861 3971 prosequi
872 3883 953 3968 jter.
973 3883 1106 3971 Eripuit
1121 3907 1184 3952 nos
1195 3886 1364 3954 Dominus
1377 3887 1420 3953 ab
1431 3885 1590 3953 omnibus
1604 3907 1667 3973 pe-

439 3999 573 4083 riculiS,
596 4011 631 4069 et
656 4002 699 4068 ad
720 4001 912 4070 Sanctonas
936 3999 1074 4085 quidem
1094 3996 1214 4087 [duxit]
1244 4024 1304 4088 per
1330 4003 1512 4087 quemdam
1539 4001 1667 4069 bonum

435 4139 555 4186 senem
568 4114 765 4204 agricolam,
785 4114 843 4201 qui
859 4112 1097 4182 honestissime
1109 4136 1172 4182 nos
1189 4117 1328 4183 domum
1341 4115 1469 4203 recepit
1480 4115 1628 4204 hospitio
1641 4118 1665 4180 ⁸.

497 4359 515 4393 s
544 4359 612 4426 Ms,
629 4357 772 4412 scholam.

493 4453 504 4482 ¹
541 4447 736 4515 SrtccfflrtUS,
751 4447 807 4500 loc.
818 4445 888 4516 cit.,
902 4464 934 4501 n.
951 4445 998 4502 68.
1018 4445 1066 4500 Nil
1081 4445 1110 4502 in
1124 4445 1178 4501 fol.
1198 4460 1247 4519 195
1261 4465 1290 4502 v.
1306 4448 1445 4520 scriptum
1460 4456 1517 4504 est.

496 4537 507 4570 ³
545 4537 731 4607 Ms.,sumus
744 4534 895 4590 iteratum.

495 4628 506 4659 ⁴
543 4624 611 4695 Me,
625 4627 796 4680 vederetur.

492 4716 505 4748 ⁸
542 4715 736 4783 SaccrrrutJS,
751 4715 807 4769 loc.
821 4713 891 4783 cit.,
905 4731 957 4769 nn.
974 4714 1021 4787 68,
1034 4713 1084 4786 69.
1101 4715 1164 4772 Fol.
1182 4727 1232 4786 197
1245 4734 1274 4770 v.
1288 4733 1395 4788 purum
1405 4721 1554 4772 mmet.
