3504 5386
584 433 587 438 “
622 458 657 515 ²5
675 446 862 500 Dncnnnars
883 436 951 514 15⁶3
1346 447 1398 519 481

169 618 258 666 seno
272 595 346 666 dire
361 597 426 664 alla
442 598 514 667 Sua
531 595 612 666 Mo
630 599 695 665 che
710 595 754 664 lei
769 598 813 661 ha
829 618 1003 682 promesso
1018 606 1117 665 tanto
1128 608 1165 668 et
1176 607 1271 666 tanto
1282 621 1342 687 per
1355 618 1398 684 70

171 734 317 800 persone
344 721 430 796 etc.;
458 713 540 799 pero
567 711 598 780 ci
626 734 706 799 pare
733 733 777 776 vn
805 733 885 779 caso
903 722 1032 779 venuto
1055 714 1098 780 al’
1120 712 1322 801 improuista
1341 716 1399 784 nel

166 828 273 914 quale
283 829 478 914 periculum
494 828 629 894 videtur
644 847 716 894 esse
725 829 767 893 in
778 849 888 893 mora.
905 828 1007 897 Onde
1020 831 1110 898 lorse
1122 830 1241 895 saliem
1253 829 1399 900 domane

171 944 302 1012 faremo
314 945 459 1029 qualche
471 964 551 1012 cosa
563 965 628 1010 con
644 943 668 1009 il
683 944 736 1012 Sr.
753 942 901 1010 Buchler
916 965 976 1030 per
991 919 1159 1025 intendet,
1174 965 1273 1014 come
1284 965 1399 1014 secre-

171 1067 335 1143 tamente,
353 1062 418 1126 che
433 1058 564 1128 seruitii
579 1059 608 1126 si
623 1059 838 1126 domandano
853 1080 914 1144 per
929 1070 1051 1143 questo
1067 1058 1245 1141 beneficio,
1260 1061 1347 1130 oltra
1362 1062 1398 1129 di

166 1175 276 1260 quelli
292 1177 357 1244 che
374 1173 532 1242 saciamo.
555 1173 707 1242 Definire
723 1184 844 1258 questo
859 1195 929 1239 non
946 1183 1043 1241 tocca
1058 1173 1093 1240 ni
1109 1197 1129 1242 a
1145 1175 1306 1257 Vittoria,
1326 1176 1362 1244 ni
1377 1199 1398 1246 a

168 1289 228 1357 noi
254 1289 344 1372 altri,
374 1311 481 1356 senon
507 1291 693 1358 solamente
720 1290 752 1355 al
774 1289 950 1376 generale.
984 1289 1132 1388 Quanto
1150 1291 1215 1358 alle
1238 1313 1394 1377 persone,

163 1416 299 1491 quante
314 1405 343 1473 si
359 1395 601 1473 douerebbono
616 1403 824 1490 specificare,
843 1404 945 1471 credo
961 1406 1024 1472 che
1039 1407 1072 1471 la
1089 1405 1264 1474 Patemital
1281 1408 1352 1476 Sua
1368 1407 1397 1475 si

166 1519 413 1590 rimetterebbe
427 1543 448 1587 a
463 1519 566 1605 quelli
581 1522 647 1588 che
661 1541 747 1586 sono
761 1519 910 1605 presenti
929 1521 999 1604 qui.
1019 1521 1064 1586 Et
1078 1520 1124 1586 mi
1141 1541 1222 1608 pare
1237 1524 1302 1590 che
1316 1544 1396 1609 pre-

163 1647 223 1703 sto
239 1635 268 1702 si
283 1636 394 1704 debbe
411 1644 553 1704 trattare
567 1633 603 1700 di
624 1646 745 1719 questo
765 1646 873 1720 punto
889 1634 1085 1722 principale,
1103 1635 1178 1704 cioe
1193 1635 1274 1706 delli
1293 1637 1396 1705 officii

162 1753 233 1819 che
248 1752 414 1838 pretende
429 1751 462 1818 la
478 1747 577 1833 Mul,
596 1771 656 1836 per
671 1750 833 1819 informat
849 1749 974 1837 meglio
989 1751 1033 1818 de
1048 1750 1101 1818 cio
1117 1754 1149 1818 al
1162 1753 1208 1820 N.
1231 1756 1273 1820 P.
1297 1765 1332 1819 et
1344 1738 1394 1820 le-

167 1887 253 1936 uare
268 1868 301 1934 le
317 1865 486 1952 replicche
502 1865 583 1931 irinc
598 1867 678 1932 inda
693 1875 728 1933 et
743 1865 767 1932 il
782 1866 888 1952 longo
903 1887 1098 1952 progresso.

236 2003 272 2065 4.
325 1981 519 2063 Domatina‚
538 1981 701 2069 piacendo
718 1982 749 2048 al
764 1980 923 2067 Signore,
938 1980 966 2048 si
979 1973 1209 2049 rinouaranno'
1222 1983 1245 2049 li
1262 1983 1344 2067 voti3
1358 1995 1394 2052 et

164 2099 259 2185 dopo
274 2099 420 2164 domane
436 2119 501 2164 con
518 2097 635 2164 Pietro
648 2095 808 2163 hollando
823 2118 879 2165 me
894 2095 1021 2182 partiri)
1036 2119 1097 2184 per
1113 2097 1286 2180 Tirnauia,
1304 2085 1394 2168 doue

164 2212 188 2279 il
204 2212 334 2280 vicario
350 2224 386 2279 et
400 2215 509 2280 anche
525 2213 548 2277 l'
565 2213 810 2280 archiuescouo
821 2211 1068 2278 comminciano
1085 2235 1105 2278 a
1120 2213 1354 2300 perseguitare
1370 2215 1392 2281 li

161 2329 288 2412 nostri,
306 2329 452 2395 volendo
463 2331 527 2395 che
539 2327 563 2393 li
574 2329 625 2394 lor
636 2326 798 2414 discepoli
810 2327 985 2413 venghino
996 2327 1028 2394 al
1039 2349 1195 2414 vespero,
1210 2329 1389 2412 matutino,

157 2457 198 2512 et
216 2446 282 2512 alla
298 2465 410 2512 messa
425 2455 576 2523 cantata,
595 2445 714 2511 saltem
730 2443 762 2509 le
780 2443 876 2510 feste.

235 2576 270 2645 5.
325 2560 432 2626 Molto
458 2559 490 2625 ci
511 2558 617 2626 siamo
638 2556 811 2645 rallegrati
830 2559 987 2625 vedendo
1010 2561 1018 2591 ¹
1040 2557 1149 2646 hoggi
1170 2569 1264 2626 tanta
1287 2573 1390 2646 gente

162 2674 429 2745 communicarsi
456 2673 491 2740 in
518 2683 607 2743 tutte
627 2675 659 2740 le
686 2695 797 2742 messe
824 2673 880 2739 del
907 2674 992 2739 altar
1018 2672 1204 2760 maggiore‚
1227 2685 1262 2742 et
1281 2678 1391 2744 anche

162 2803 263 2860 tanta
289 2790 482 2876 frequentia
507 2790 598 2858 nella
623 2789 759 2876 predica
785 2800 820 2856 et
847 2787 926 2857 nelli
954 2789 1030 2855 altri
1053 2789 1153 2856 officii
1173 2788 1281 2856 diuini
1302 2791 1391 2859 della

160 2907 282 2974 chiesa
298 2917 425 2987 nostra3
443 2906 529 2972 oltra
545 2905 633 2972 della
649 2906 780 2991 grande
800 2904 1030 2985 multitudine,
1049 2904 1077 2970 si
1097 2907 1183 2973 vede
1203 2905 1300 2990 quasi
1320 2906 1332 2940 ¹
1354 2906 1392 2973 in

161 3023 245 3090 tutti
262 3045 330 3088 vna
345 3019 528 3089 deuotione
550 3029 585 3088 et
603 3019 790 3088 riuerentia
805 3019 990 3107 singulare,
1014 3033 1049 3088 et
1071 3020 1208 3087 alchuni
1228 3019 1333 3108 legati
1354 3032 1390 3089 et

159 3136 438 3226 gentilhuomini,
458 3135 736 3222 principalmente
751 3135 840 3203 della
856 3146 964 3216 corte,
982 3135 1096 3202 danuo
1112 3137 1206 3202 buon
1222 3137 1390 3224 essempio

156 3253 218 3322 alli
233 3251 408 3321 communi
424 3251 575 3320 citadini.
594 3250 687 3317 Iddio
699 3250 750 3317 sia
761 3251 890 3317 lodaro.
912 3251 1008 3317 Tutri
1020 3272 1086 3317 con
1100 3261 1190 3318 tutto
1202 3251 1225 3317 il
1238 3273 1341 3320 cuore
1358 3251 1389 3319 ci

157 3366 491 3438 raccommandiamo
506 3367 571 3433 alla
588 3370 628 3434 R.
647 3369 691 3434 V.
711 3365 766 3442 alli
783 3365 858 3433 suoi
877 3365 1048 3433 sacrificii.
1072 3365 1117 3434 Di
1132 3345 1279 3448 Vienna,
1305 3392 1325 3436 a
1346 3371 1387 3452 25

155 3485 193 3552 di
210 3484 404 3553 Decembre
425 3483 522 3566 1563.
546 3481 590 3548 Di
606 3483 653 3548 V.
678 3483 721 3548 R.
745 3501 846 3549 seruo
862 3492 898 3548 et
913 3481 1041 3568 figliolo
1058 3483 1096 3548 in
1111 3485 1272 3566 omnino,

804 3625 991 3692 Nrcocnus
1015 3625 1204 3693 lnuorus.

231 3832 416 3917 Inscriptio
436 3831 474 3893 in
494 3836 619 3914 quarta
635 3830 784 3915 pagina:
801 3771 877 3918 Jlis
895 3829 941 3896 Al
957 3829 1061 3895 molto
1077 3828 1168 3895 Rd0.
1192 3826 1226 3894 in
1250 3791 1388 3896 Christo

162 3950 275 4017 Padre
291 3947 314 4014 il
329 3950 370 4014 P.
391 3945 602 4031 Hieronymo
614 3945 747 4025 Natale,
761 3942 994 4010 commissario
1008 3945 1168 4038 generale
1179 3944 1268 4011 della
1280 3945 1388 4012 Com-
1455 4003 1459 4014 .

157 4063 288 4152 pagnia
303 4063 338 4130 di
353 4061 463 4130 Giesu
478 4059 513 4126 in
529 4058 636 4139 Italia,
654 4061 743 4128 douc
759 4057 787 4126 si
803 4057 941 4126 ritroua.
961 4060 1042 4124 Alia
1058 4081 1177 4125 manu:
1199 4060 1283 4144 1564
1298 4059 1388 4145 (sic).
1475 4105 1479 4113 ‚

156 4178 286 4247 Viena.
311 4181 369 4245 Re
385 4179 515 4262 Lanoy,
534 4193 552 4241 2
557 4189 575 4258 5
592 4173 627 4239 di
643 4175 744 4241 the
761 4173 879 4239 Manet
893 4174 1005 4261 sigilli
1019 4174 1216 4259 uestigium.

216 4343 222 4374 ¹
262 4338 330 4403 his„
343 4337 514 4410 vendendo·

214 4431 225 4462 ¹
263 4428 332 4497 Mn,
347 4445 374 4498 q.
