3666 5384
565 401 756 458 Pnooeuruu
776 412 913 458 saeuum
932 414 1103 460 voruururs
1362 449 1364 456 ,
1405 416 1447 458 xv

288 557 332 622 Et
349 557 434 622 haec
450 555 494 621 de
510 573 601 620 anno
622 553 705 637 1562
721 552 920 622 brevissime
936 553 1088 622 innuisse
1103 554 1258 622 sufficiat.

289 669 477 739 Veniamus
487 669 559 754 jam
575 668 619 734 ad
633 688 761 734 annum
778 669 873 752 1563.
898 670 1024 736 Fausta
1041 669 1111 755 jam
1132 669 1167 735 in
1183 669 1301 757 primis
1316 670 1360 740 de
1376 672 1450 740 col-

222 785 315 873 legio
330 784 559 871 oenipontano
575 782 789 865 nuntiantur;
808 782 855 852 ita
876 796 914 850 ut
934 786 1078 865 fructus,
1098 807 1158 871 per
1178 783 1385 854 Societatem
1400 785 1448 852 ibi
1505 832 1508 840 ·

224 898 377 980 collecti,
399 919 534 966 summo
556 898 770 986 imperatoris
794 898 944 966 animum
965 900 1272 987 gaudioafficiant.
1298 901 1450 971 Aliunde

226 1020 266 1084 P.
289 1017 411 1096 Nadal,
435 1014 607 1082 laboribus
626 1014 681 1080 sui
701 1013 878 1084 ministerii
899 1013 1038 1084 minime
1062 1016 1201 1098 fractus,
1221 1015 1392 1091 assiduam
1413 1018 1448 1084 in

222 1131 373 1210 monitiS,
392 1129 533 1217 regulis,
551 1140 586 1198 et
597 1129 742 1216 dialogis
758 1130 962 1198 adornandis
979 1151 1116 1217 operam
1132 1141 1235 1198 navat
1247 1132 1302 1219 (26
1318 1133 1446 1219 Febr).

220 1246 332 1334 Ipsius
344 1244 518 1334 gestiones
528 1266 589 1331 pro
602 1246 729 1314 tuenda
740 1245 863 1312 summi
875 1245 1046 1332 pontilicis
1058 1245 1261 1314 auctoritate
1273 1249 1305 1335 (9
1332 1249 1450 1334 Mart.)

219 1372 342 1449 gratae
357 1360 539 1428 admodum
555 1382 716 1430 romanae
732 1359 847 1428 curiae
862 1359 1071 1428 acciderunt:
1098 1363 1170 1428 «De
1190 1363 1298 1430 Roma
1314 1384 1376 1430 nos
1393 1386 1448 1432 es-

217 1477 342 1545 criuen
361 1497 429 1561 que
449 1478 516 1560 hay
537 1477 661 1542 mucha
687 1473 888 1542 edificacidn
911 1480 959 1542 asi
983 1496 1026 1543 en
1047 1476 1078 1545 el
1100 1498 1188 1562 papa
1213 1497 1311 1544 como
1333 1500 1376 1546 en
1397 1461 1450 1546 los

217 1591 425 1680 principales
440 1589 613 1658 ministros
628 1612 733 1676 suyos
748 1591 792 1657 de
808 1591 859 1658 los
873 1592 1005 1660 buenos
1021 1591 1149 1658 officios
1166 1613 1233 1677 que
1249 1594 1292 1660 V.
1314 1595 1351 1660 R.
1371 1593 1450 1660 hizo

218 1730 263 1774 en
282 1705 476 1793 Hispruch»
496 1709 550 1794 (14
566 1706 694 1790 Mart).
713 1705 874 1774 Subsidia
894 1708 937 1773 ab
957 1705 1031 1792 ipso
1052 1706 1255 1794 imperatore
1275 1730 1337 1795 pro
1353 1709 1450 1778 oeni·

218 1833 376 1910 pontano
393 1821 536 1907 aliisque
561 1820 714 1908 collegiis
739 1820 893 1889 obtinere
916 1833 1079 1907 procurat
1104 1822 1176 1908 ipse
1198 1826 1238 1889 Ρ.
1262 1825 1373 1893 Nadal
1394 1824 1450 1913 (24

218 1938 350 2022 Mart).
366 1937 456 2004 Falsi
469 1957 621 2004 rumores
632 1935 677 2004 de
688 1935 900 2022 imperatoris
912 1935 947 2002 in
960 1936 1167 2005 Societatem
1180 1938 1324 2006 adverso
1336 1938 1450 2006 animo

219 2057 353 2121 Rornae
367 2051 474 2140 sparsi
491 2063 703 2120 evanescunt
718 2051 750 2139 (9
767 2053 882 2132 Mart,
906 2069 945 2134 14
961 2063 996 2120 et
1013 2071 1051 2140 19
1067 2051 1203 2140 April).

289 2167 525 2254 Collegiorum
541 2165 713 2253 Friburgi,
737 2165 988 2247 Wratislaviae,
1011 2168 1175 2236 Coloniae
1197 2180 1231 2237 et
1252 2169 1450 2256 Herbipolis

216 2284 319 2353 initia
335 2284 391 2368 (14
405 2293 440 2349 et
457 2302 500 2366 30
516 2284 632 2364 Mart,
655 2299 694 2365 13
711 2281 835 2367 April,
855 2282 893 2348 18
907 2281 1003 2366 Mai„
1019 2283 1177 2370 29Jun.).
1193 2283 1314 2352 Studia
1326 2286 1450 2352 huma-

218 2401 357 2468 niorum
374 2397 564 2466 litterarum
580 2397 615 2463 in
627 2395 813 2464 Germania
825 2397 1067 2483 promovenda,
1082 2396 1236 2483 magistri
1249 2398 1449 2468 instituendi

220 2519 274 2604 (11
296 2514 393 2600 Maj,
412 2524 492 2581 ante
509 2530 528 2578 2
545 2512 667 2598 Sept).
688 2511 945 2580 Provinciarum
960 2512 1166 2582 Germaniae
1182 2514 1332 2599 partiti0,
1349 2537 1449 2601 prae-

220 2629 326 2718 positi
339 2604 489 2708 creandi,
498 2626 752 2695 commissarius
764 2627 1024 2714 praeficiendus,
1035 2639 1273 2714 proponuntur
1281 2641 1317 2696 et
1326 2652 1448 2717 appro-

220 2747 352 2812 bantur
368 2746 423 2831 (19
439 2743 519 2829 Maj.
538 2762 572 2826 4,
591 2743 624 2823 8,
652 2761 691 2809 10
707 2743 810 2830 Jun.).
830 2743 938 2811 Gesta
959 2764 979 2809 a
1007 2745 1047 2809 B.
1072 2741 1210 2810 Canisio
1226 2743 1321 2812 hisce
1336 2745 1452 2814 verbis

222 2883 443 2947 summopere
450 2860 664 2928 laudantura
675 2860 827 2926 Polanco
841 2857 977 2926 nomine
991 2861 1031 2926 P.
1047 2861 1184 2930 Lainez:
1203 2889 1216 2923 (ι
1222 2863 1275 2928 En
1287 2863 1395 2929 Roma
1407 2884 1450 2948 ay

220 2999 311 3064 gran
329 2976 620 3044 contentamiento
635 2976 678 3042 de
694 2976 747 3041 los
763 2974 891 3041 officios
908 2995 974 3058 que
990 2997 1027 3042 se
1043 2978 1110 3044 han
1127 2979 1237 3044 hecho
1249 2999 1294 3044 en
1309 2980 1451 3065 lspruch

222 3115 288 3180 por
306 3093 339 3160 el
360 3094 399 3159 P.
424 3091 581 3158 Canisio»
607 3093 639 3178 (4
654 3090 763 3179 Jun.).
787 3089 938 3158 Terentii
958 3091 1155 3162 comoediae
1186 3116 1248 3179 pro
1268 3092 1452 3162 Societatis

219 3207 350 3276 scholis
363 3230 382 3275 a
394 3206 508 3275 Natali
519 3207 678 3294 (Epium.
694 3199 752 3273 iol.
767 3224 829 3273 120
841 3205 873 3291 v)
887 3216 922 3273 et
933 3207 977 3273 ab
988 3207 1063 3274 aliis
1074 3209 1286 3277 adornantur
1293 3211 1449 3298 (29Jun.,

226 3327 267 3393 18
284 3323 382 3412 Jul.).
405 3321 499 3390 Libri
520 3320 759 3390 exercitiorum
780 3341 870 3390 nova
893 3321 998 3389 editio
1019 3322 1174 3392 Viennae
1194 3323 1375 3393 excuditur
1397 3327 1453 3415 (29

222 3443 320 3528 lun,
343 3457 382 3528 19
399 3440 480 3507 Oct.
499 3439 593 3523 eto).

292 3555 511 3624 Novitiorum
528 3551 733 3620 institutioni
749 3553 1010 3639 opportuniores
1022 3557 1121 3622 sedes
1135 3557 1252 3622 urbem
1265 3542 1451 3627 monacen-

223 3695 300 3740 sem
315 3693 397 3758 prae
412 3669 660 3737 vindobonensi
676 3669 839 3755 praebere
851 3678 969 3737 censet
985 3671 1024 3736 P.
1040 3669 1166 3738 Lainez
1179 3672 1349 3760 (29Jun.).
1366 3675 1451 3741 Pra-

221 3810 291 3876 gae
306 3786 502 3874 collegium,
520 3808 540 3852 a
556 3785 669 3854 Natali
685 3784 940 3871 perlustratum,
956 3785 1114 3854 laudibus
1126 3788 1169 3854 ab
1182 3786 1256 3873 ipso
1269 3801 1454 3857 exornatur

223 3903 400 3992 (29Jun.).
421 3901 643 3988 Dilingensis,
663 3899 770 3981 initia,
793 3899 1021 3982 difficultates,
1046 3901 1257 3970 conditiones
1280 3904 1315 3970 in
1336 3905 1453 3982 multis

221 4019 329 4104 hujus
345 4016 426 4084 anni
442 4015 592 4103 epistolis
608 4015 858 4102 expenduntur.
878 4014 1035 4094 Videnda
1056 4017 1196 4104 insuper
1212 4018 1246 4086 in
1264 4021 1453 4106 appendice

219 4133 340 4222 gravis
352 4133 496 4220 epistola
507 4131 688 4199 cardinalis
700 4130 896 4218 augustani,
911 4130 947 4197 in
959 4154 1027 4219 qua
1039 4132 1159 4200 intima
1170 4135 1273 4200 animi
1286 4136 1339 4203 sui
1352 4159 1454 4206 sensa

221 4260 257 4319 et
293 4259 413 4316 votum
440 4251 515 4317 Deo
541 4250 585 4315 de
612 4250 677 4314 hoc
705 4246 851 4334 collegio
878 4249 1057 4316 condendo
1080 4270 1100 4315 a
1123 4271 1161 4316 se
1195 4252 1348 4319 oblatum
1378 4255 1454 4321 fuse

222 4377 373 4434 enarrat.

293 4480 516 4550 Tirnaviense
531 4479 714 4568 collegium
729 4477 888 4547 invisitur
903 4502 923 4547 a
941 4483 980 4548 Ρ.
1000 4482 1121 4564 Nadal,
1137 4482 1194 4568 qui
1207 4484 1454 4560 commodiores

225 4596 275 4664 ibi
290 4600 392 4667 aedes
407 4598 638 4686 procurandas
654 4605 771 4664 censet
787 4597 819 4684 (4
835 4597 931 4682 Maj,
955 4615 993 4665 12
1010 4600 1092 4687 Jul,
1112 4615 1154 4685 25
1171 4600 1277 4686 Oct).
1298 4600 1453 4672 Societa-
