3478 5384
375 499 429 558 290
796 483 902 537 Errsr.
925 479 959 534 P.
980 479 1182 550 Naana-279

375 637 553 707 titutiones
568 642 687 706 oveto
702 635 825 702 acabar
840 633 891 698 los
906 627 1060 718 dialogos
1079 641 1159 698 etc.
1171 631 1216 698 V.
1235 631 1276 698 P.
1295 649 1351 696 me
1366 628 1461 698 auise
1479 629 1607 718 (ahun—

377 774 444 840 que
459 756 527 839 hay
544 750 680 838 tiempo)
696 769 825 836 porque
840 745 874 814 io
891 747 1003 833 puoda
1017 745 1139 832 dirigir.
1151 745 1216 813 mis
1232 745 1487 832 occupationes..

444 867 533 939 Creo
560 888 623 934 nos
643 863 855 932 aiudaremos
874 861 953 928 bien
973 883 1018 930 en
1037 872 1110 928 este
1129 860 1274 948 collegio
1299 863 1322 927 ¹.
1349 861 1389 927 El
1409 861 1523 930 Sertor
1541 880 1604 926 sea

300 1009 301 1012 ¹
374 1005 442 1052 con
457 992 624 1050 nosotros.
648 981 722 1047 Ora
737 986 805 1064 pro
819 997 882 1058 me,
904 979 1023 1044 Pater.
1043 978 1095 1044 De
1117 979 1241 1063 Praga,
1264 994 1303 1064 19
1318 976 1362 1043 de
1377 979 1481 1061 Mayo
1502 975 1599 1059 1563.

377 1103 432 1168 De
447 1099 491 1167 V.
511 1100 551 1164 P.
570 1095 683 1162 sieruo
698 1117 742 1163 en
757 1092 835 1175 X.⁰,

1187 1215 1372 1392 tNApn·
1398 1214 1421 1302 †

446 1440 484 1511 Si
500 1437 617 1526 quiere
632 1440 751 1524 scaber
767 1439 811 1506 V.
836 1439 875 1504 P.
895 1437 927 1504 el
943 1456 1099 1522 parescer
1115 1436 1224 1504 delos
1242 1457 1311 1521 que
1325 1439 1369 1504 he
1384 1435 1603 1513 consultado,

381 1556 478 1645 quasi
495 1556 595 1623 todos
610 1553 761 1620 atinana
788 1554 821 1620 lo
836 1551 939 1619 dicho
960 1553 985 1617 ¹:
1004 1553 1096 1618 ahun
1112 1551 1265 1619 Victoria
1279 1574 1335 1621 me
1354 1551 1434 1618 dixo
1449 1572 1517 1637 que
1532 1550 1603 1618 lee-

381 1679 431 1741 ria
446 1695 513 1739 vna
527 1670 630 1738 licion
645 1671 689 1739 de
704 1669 887 1756 theologia,
906 1691 928 1754 y
944 1667 1082 1734 aiudara
1097 1689 1195 1734 cosas
1209 1667 1412 1736 semeiantes
1426 1667 1470 1733 de
1485 1667 1535 1734 las
1550 1663 1605 1732 di-

381 1793 474 1857 chas.
495 1788 602 1855 Paulo
618 1808 656 1854 se
671 1783 804 1852 remitte
820 1791 841 1850 a
860 1789 906 1850 mt
922 1790 943 1851 a
958 1785 991 1850 lo
1006 1805 1073 1868 que
1089 1794 1165 1850 toea
1181 1789 1201 1850 a
1221 1783 1264 1849 ei.
1283 1781 1421 1851 Canisio
1436 1781 1527 1848 diro:
1545 1801 1604 1846 ero

382 1903 641 1970 commissarius
655 1901 792 1966 nomine
808 1900 833 1965 ³.

450 2020 594 2086 Nullum
611 2016 704 2082 adest
719 2016 831 2102 sigilli
846 2017 1040 2102 vestigium.

952 2281 1043 2343 970

624 2436 675 2501 Ρ.
713 2434 1124 2503 HIERONYMUS
1159 2435 1367 2502 NADAL

768 2593 889 2648 PATRI
907 2591 1063 2664 JACOBO
1083 2593 1228 2650 LAINEZ

700 2731 839 2790 Patara,
859 2733 904 2782 20,
925 2733 959 2788 25
978 2717 1161 2785 ar3orm11
1182 2717 1251 2787 1563
1269 2721 1294 2772 ⁴.

441 2845 624 2900 Provinciae
640 2843 825 2900 Germaniae
836 2844 1004 2916 superioris
1015 2843 1136 2898 divisio.
1151 2844 1220 2913 Quo
1228 2846 1319 2916 pacto
1327 2845 1550 2916 providendam

643 2934 785 2987 videatur
797 2931 903 2987 scholis
915 2931 1114 3004 inferioribus
1126 2931 1160 2986 in
1179 2931 1359 2988 Germania.

455 3061 523 3126 Die
540 3077 583 3125 ao
598 3057 691 3143 Maji
706 3058 824 3123 daiam
834 3058 952 3145 fnisse
966 3057 1155 3142 exemplum
1171 3057 1318 3122 alteram
1338 3058 1502 3143 epistolae,
1518 3057 1606 3123 dioi-

390 3177 518 3241 sionem
530 3174 730 3258 provinciae
745 3173 935 3258 superioris
955 3161 1164 3239 Germaniae
1178 3173 1401 3257 proponentis
1420 3176 1548 3258 (qrram,
1568 3193 1609 3238 erc

392 3290 607 3356 adversariis
630 3287 857 3374 autographis
879 3287 1120 3372 depromptam,
1144 3287 1206 3353 snb
1232 3309 1270 3354 n.
1297 3286 1362 3370 178
1378 3287 1608 3373 protulimus),

392 3409 521 3470 constat
536 3425 579 3470 ex
594 3403 732 3490 epistola
748 3400 823 3484 282,
840 3424 875 3468 n.
895 3420 926 3482 Ι,
942 3402 1000 3468 nbi
1016 3403 1097 3468 naec
1111 3405 1161 3470 ait
1181 3405 1365 3470 Poiancns:
1390 3405 1517 3468 «Pocos
1535 3403 1610 3468 dias

392 3521 438 3586 ini
453 3542 488 3587 se
504 3519 687 3586 escriaipci
709 3519 745 3585 V.
766 3520 824 3598 R„
840 3540 976 3604 annque
992 3539 1086 3584 nasa
1102 3519 1318 3604 respondipci
1340 3519 1374 3584 ia
1395 3519 1483 3584 tetra
1505 3517 1545 3584 de
1567 3535 1607 3583 20

393 3635 433 3701 da
449 3635 559 3721 Maro,
575 3634 683 3700 danda
698 3639 791 3699 tram
805 3634 845 3699 de
862 3635 910 3699 ios
925 3633 1059 3699 disertos
1075 3654 1137 3718 qne
1153 3635 1182 3699 te
1202 3633 1273 3698 tan
1293 3633 1454 3700 ocurrido
1467 3642 1559 3720 para
1579 3634 1608 3698 ei

392 3753 522 3818 asiento
537 3751 631 3818 desta
641 3749 826 3836 prouincia
843 3771 865 3836 y
881 3751 1046 3838 gohierno
1066 3751 1212 3816 della...»
1238 3751 1362 3816 Posna
1385 3771 1475 3832 aero,
1496 3751 1608 3816 diebus

393 3883 437 3953 25
453 3875 484 3934 et
500 3885 552 3952 50,
568 3868 680 3933 denno
691 3866 829 3951 scripsit
841 3867 978 3932 Natalis
989 3867 1034 3932 ad
1046 3867 1222 3946 Laininm,
1234 3870 1266 3930 et
1277 3866 1486 3952 duplicatum
1497 3887 1605 3933 exem-

388 3985 487 4070 plum
503 3984 659 4068 epistolae
674 3982 729 4048 die
744 3999 789 4048 20
803 3982 902 4048 datae
918 3983 1021 4062 misit,
1037 3987 1075 4046 nt
1090 3986 1217 4048 constat
1232 4003 1275 4047 ex
1290 3983 1430 4066 epistola
1441 3980 1485 4047 28
1486 3999 1517 4065 5,
1529 4003 1563 4046 n.
1578 3995 1605 4059 Ι,

449 4167 458 4200 ¹
496 4165 573 4220 Loco
585 4165 688 4220 horum
701 4171 814 4236 septem
827 4163 994 4230 verborum,
1007 4178 1082 4235 quae
1094 4169 1163 4217 sunt
1175 4162 1283 4234 scripta
1295 4179 1383 4234 supra
1396 4179 1525 4232 versum,
1535 4161 1610 4234 prius

394 4253 560 4325 scripserat:
576 4254 644 4324 Hay
655 4255 744 4307 harto
756 4269 811 4323 que
824 4253 956 4306 ardenar
968 4269 1005 4306 en
1017 4255 1075 4306 este
1091 4251 1227 4326 collegio,
1240 4259 1397 4324 quaesunt
1410 4252 1574 4308 obliterata.

448 4347 459 4378 2
496 4343 553 4398 Pro
569 4342 615 4398 his
627 4349 750 4415 quatuar
763 4341 861 4397 verbis
882 4342 962 4413 prius
983 4339 1149 4413 scripserat:
1169 4359 1205 4396 en
1222 4342 1290 4396 todo
1305 4357 1359 4396 son
1371 4341 1451 4398 deste
1465 4345 1608 4414 parescer.

396 4449 472 4505 quae
484 4432 671 4488 cancellavit.

448 4522 459 4555 ³
496 4522 580 4576 Hanc
605 4519 716 4576 Canisii
734 4519 909 4576 sententiam
928 4519 984 4576 alia
1006 4520 1119 4576 ratione
1136 4519 1299 4592 exprimere
1317 4519 1486 4592 incoeperat
1503 4516 1609 4574 Natalis

395 4611 529 4666 scribens
541 4611 647 4678 vultis·
658 4627 716 4683 quo
728 4609 838 4679 deleto,
851 4607 900 4664 illa
912 4609 968 4664 tria
980 4612 1071 4664 verba
1083 4609 1212 4682 scripsit.

449 4703 461 4736 ⁴
497 4701 542 4756 Ex
555 4701 642 4773 epist.
656 4700 720 4768 282,
734 4697 797 4768 283;
811 4705 891 4754 etex
907 4697 981 4754 Coa.
998 4699 1088 4766 PLB,
1108 4711 1159 4767 140
1171 4697 1217 4767 (88
1230 4704 1261 4753 et
1272 4696 1330 4769 89).
