3634 5396
364 493 417 562 678
823 495 931 550 Evtsr.
954 495 991 548 Ρ.
1015 493 1131 548 Nauae

365 667 487 732 gorum
505 647 700 732 Oeniponte
717 669 806 713 anno
827 648 910 730 1563
930 645 1050 727 habiti,
1068 646 1137 710 duo
1154 643 1367 730 potissimum
1384 643 1496 715 media
1513 663 1598 728 pro-

365 771 524 854 ponebat,
543 771 668 857 quibus
683 771 860 837 victoriam
877 791 1001 862 causae
1013 767 1199 836 catholicae
1212 767 1276 833 sibi
1292 767 1528 854 pollicebatur:
1543 767 1596 832 al-

248 879 253 890 '
367 903 477 961 terum
494 896 630 982 quidem
647 907 731 975 erat,
747 897 935 964 Caesareae
951 893 1122 979 Majestati
1137 894 1353 978 persuadere,
1369 904 1406 957 ut
1424 892 1599 979 theologis

367 1019 410 1083 ab
422 1017 624 1105 imperatore
637 1019 846 1100 convocatis,
857 1031 999 1104 quartus
1011 1019 1054 1085 ab
1066 1018 1139 1104 ipso
1152 1017 1273 1083 nuntio
1284 1017 1450 1098 delectus
1460 1015 1598 1102 episco—

366 1163 432 1228 pus
448 1143 605 1211 videlicet
621 1145 820 1230 petinensis,
839 1146 1037 1211 adderetur:
1060 1145 1204 1211 alterum
1225 1163 1306 1208 vero
1327 1141 1475 1209 medium
1497 1140 1533 1206 in
1552 1161 1598 1207 eo

367 1264 570 1348 situmerat,
590 1281 628 1334 ut
646 1273 706 1337 «Ρ.
727 1256 959 1353 Hieronymus
973 1267 1103 1335 Natalis
1114 1266 1253 1353 jesuita,
1278 1265 1336 1350 qui
1357 1266 1598 1333 Reverendum

368 1392 409 1456 P.
434 1391 559 1460 Lainez
582 1392 617 1459 in
632 1394 745 1460 Gallia
761 1391 942 1459 comitatus
958 1394 1081 1472 suerat,
1101 1389 1348 1479 quamprimum
1365 1389 1598 1475 Oenipontem

368 1513 593 1600 mitteretur»,
611 1518 711 1603 cujus
728 1517 865 1602 quidem
882 1539 1019 1602 operam
1035 1516 1135 1584 valde
1150 1513 1214 1582 sibi
1232 1513 1348 1582 utilem
1366 1513 1516 1580 futuram
1531 1511 1600 1578 mi-

369 1638 461 1708 nime
472 1641 662 1708 dubitabat.
682 1644 804 1728 Neque
817 1663 892 1708 eam
909 1641 1038 1719 caesari
1053 1641 1222 1727 ingratam
1238 1649 1437 1707 eventuram
1450 1637 1599 1704 arbitra·

369 1765 488 1844 batur,
525 1766 682 1853 «quippe
708 1765 764 1834 cui
789 1766 918 1852 optima
942 1767 986 1833 de
1013 1765 1126 1832 Natali
1156 1763 1270 1850 opinio
1297 1761 1402 1831 menti
1429 1763 1597 1829 adhaese·

368 1897 421 1954 rat
444 1899 624 1975 postquam
644 1911 723 1958 eum
742 1889 877 1978 saepius
903 1889 1056 1971 vidisset,
1086 1889 1229 1976 ejusque
1249 1907 1423 1956 sermones
1443 1885 1598 1953 audivis-

370 2023 442 2082 set»
461 2015 552 2101 (pag.
572 2017 660 2102 218).

437 2141 540 2225 Quod
556 2151 671 2208 autem
688 2141 781 2207 addit
797 2142 967 2224 Dolfinus,
993 2140 1176 2208 «hauendo
1191 2160 1277 2206 anco
1293 2138 1433 2224 rispetto
1449 2139 1504 2203 ch’
1528 2136 1600 2222 egli

370 2263 419 2331 sia
432 2275 521 2331 stato
537 2266 614 2332 nele
627 2266 816 2334 trattationi
827 2266 862 2333 di
874 2265 1052 2346 Francia»,
1064 2263 1327 2354 intelligendum
1341 2271 1405 2343 est,
1419 2282 1490 2327 non
1505 2261 1602 2344 quod

371 2386 490 2456 Lainio
506 2389 541 2454 in
558 2411 747 2476 congressu
767 2389 935 2478 poissiaco
955 2387 1135 2469 adstiterit,
1158 2390 1220 2456 sed
1239 2387 1349 2472 quod,
1367 2406 1408 2452 eo
1425 2385 1599 2464 absoluto,

369 2535 412 2580 ex
428 2513 599 2599 Hispania·
613 2515 737 2595 redux,
760 2513 917 2582 Lainium
938 2513 1153 2594 convenerit,
1177 2533 1300 2596 resque
1322 2512 1366 2576 ab
1385 2509 1460 2596 ipso
1481 2519 1603 2596 gestas

369 2638 546 2704 commode
561 2657 604 2704 ex
620 2637 693 2724 ipso
709 2637 895 2720 resciverit,
914 2636 1112 2724 praesertim
1125 2655 1205 2702 cunr
1216 2655 1295 2701 eum
1308 2635 1352 2701 ad
1365 2633 1525 2720 Belgium
1538 2654 1603 2698 us·

368 2783 435 2848 que
449 2761 633 2829 comitatus
648 2763 762 2830 fuerit.
782 2762 883 2832 Unde
900 2773 975 2849 post
992 2762 1180 2830 Polancum
1197 2781 1297 2826 nemo
1313 2757 1435 2827 melius
1458 2768 1493 2824 et
1514 2757 1600 2823 inti-

370 2885 457 2954 mius
469 2858 616 2974 'negotia
636 2910 655 2954 a
675 2887 795 2955 Lainio
812 2887 847 2954 in
863 2886 976 2955 Gallia
996 2897 1165 2954 transacta
1186 2883 1377 2970 intelligere
1398 2881 1520 2969 potuit.
1546 2883 1601 2948 Ex

268 3005 270 3009 ’
368 3009 493 3095 quibus
510 3012 608 3078 facile
623 3014 780 3098 sperabat
796 3013 951 3079 Natalem
969 3012 1207 3098 theologorum
1225 3006 1444 3108 conventuia
1459 3029 1603 3076 caesare

369 3137 644 3222 aggregandum
663 3135 847 3205 sinautem
863 3136 958 3202 illum
970 3134 1140 3222 theologis
1152 3134 1301 3204 assidere
1313 3132 1452 3201 minime
1466 3131 1601 3199 caesari

368 3259 580 3346 probaretur,
596 3261 775 3328 utilissima
791 3261 1010 3329 nihilominus
1025 3258 1136 3328 officia
1147 3260 1191 3327 ab
1204 3259 1278 3345 ipso
1291 3259 1507 3345 praestanda,
1523 3269 1600 3323 turn

369 3387 459 3471 apud
486 3405 673 3466 caesarem,
698 3397 770 3451 tum
791 3387 882 3473 apud
904 3386 1102 3472 theologum
1124 3384 1304 3470 hispanum
1332 3382 1460 3449 ordinis
1487 3381 1601 3448 sancti

367 3510 395 3575 F
396 3508 552 3589 rancisci,
567 3519 639 3575 tum
655 3509 758 3576 etiam
773 3510 865 3595 apud
877 3509 1093 3594 Staphylum,
1108 3518 1318 3594 compertum
1331 3508 1481 3574 habebat
1494 3505 1597 3592 (218).

434 3635 477 3699 Et
493 3635 558 3700 hac
574 3634 617 3700 de
632 3655 736 3703 causa
753 3633 924 3715 Canisius,
942 3645 1091 3702 mentem
1107 3631 1218 3700 nuntii
1235 3631 1362 3700 Dolfini
1377 3629 1499 3698 Lainio
1514 3651 1603 3717 ape-

369 3757 470 3838 riens,
490 3779 638 3844 eumque
653 3759 809 3840 laudans,
828 3769 949 3844 utpote
973 3770 1130 3826 »sanctae
1150 3757 1240 3826 sedis
1261 3755 1467 3844 apostolicae
1489 3755 1601 3822 fidum

367 3885 615 3965 defensorem»,
638 3887 723 3952 haec
744 3885 901 3952 addebat:
924 3883 1011 3951 «Hic
1038 3884 1159 3952 suadet
1186 3893 1347 3968 optatque
1373 3885 1602 3950 vehementer

368 4011 489 4077 adesse
500 4009 599 4076 nobis
611 4011 651 4076 R.
669 4012 709 4075 P.
725 4011 894 4092 Natalem,
909 4009 1026 4075 multis
1038 4007 1239 4094 magnisque
1251 4007 1294 4073 de
1310 4005 1435 4086 causis,
1450 4017 1488 4071 vt
1499 4027 1605 4092 prae-

368 4133 483 4202 sertim
498 4134 635 4201 duobus
647 4134 733 4216 aliis,
749 4157 835 4222 quos
848 4133 930 4216 dixi,
946 4131 1127 4220 theologis,
1143 4132 1241 4200 facile
1257 4133 1400 4200 intense
1412 4151 1606 4198 consensu—

367 4257 426 4340 ris,
454 4259 504 4325 vti
532 4261 759 4326 metuendum
782 4271 848 4340 est,
875 4281 942 4346 ego
971 4281 1025 4327 me
1052 4257 1178 4326 rectius
1205 4277 1377 4344 opponere
1403 4255 1543 4343 possim,
1570 4267 1608 4323 et

366 4383 455 4452 tueri
471 4384 738 4453 conuenientius
751 4385 831 4471 jura
848 4382 1041 4452 Ecclesiae»
1062 4383 1158 4485 (218).

433 4507 546 4576 Finita
554 4509 639 4594 jam,
649 4511 711 4578 sed
721 4511 873 4577 nondum
888 4509 1081 4596 obsignata,
1091 4507 1234 4594 epistola
1245 4505 1437 4594 supradicta
1449 4506 1493 4572 ad
1503 4505 1604 4591 lega·

367 4641 425 4698 tos
440 4631 588 4713 concilii,
604 4633 741 4702 rescivit
753 4633 896 4702 nuntius
908 4656 968 4721 per
980 4634 1155 4700 doctorem
1168 4631 1333 4712 Seldium,
1349 4632 1519 4717 expletum
1527 4629 1603 4715 jam
