3504 5386
1314 26 1718 150 Ἠ...

435 489 491 571 480
855 493 960 570 Erras.
986 493 1023 550 P.
1047 493 1251 564 Naana-342

436 655 556 730 questa
572 665 676 713 causa
691 667 760 713 non
782 645 813 712 ci
833 646 964 734 oblighi
984 647 1019 713 di
1040 646 1207 729 seriuerii‚
1225 646 1433 732 nondimeno
1457 669 1523 714 non
1539 647 1622 734 pmhi

433 759 527 828 bisce
543 763 608 828 che
624 782 693 828 non
708 762 742 828 lo
759 761 934 831 facciamo.
954 764 1057 832 Onde
1077 762 1228 833 scriuerd
1244 773 1295 832 tre
1310 765 1427 850 parole
1446 765 1511 830 alla
1528 765 1565 830 R.
1588 763 1629 830 V.

433 876 467 944 di
483 877 564 962 quel
579 879 643 944 che
660 877 740 944 sorsi
756 877 814 964 gia
829 880 956 946 hauerd
972 878 1082 947 inteso
1094 900 1155 966 per
1170 879 1202 944 le
1218 879 1339 947 lettere
1354 882 1420 946 che
1435 877 1632 946 mandohieri

431 991 578 1060 ilrettor
593 996 710 1060 nostro
725 1014 745 1059 a
761 995 879 1076 Roma,
897 1015 968 1060 non
984 993 1231 1081 aggiungendo
1250 995 1282 1061 le
1303 993 1368 1062 mie
1389 1016 1449 1081 per
1468 993 1630 1076 obliuione,

432 1129 530 1178 come
545 1107 579 1174 io
594 1129 710 1194 penso.
730 1108 924 1178 Habbiamo
939 1134 959 1178 a
975 1129 1016 1194 23
1033 1109 1065 1176 di
1079 1121 1200 1196 questo
1212 1109 1367 1182 riceuuto
1378 1132 1424 1176 vn
1435 1109 1567 1178 decreto
1576 1111 1632 1176 det*

431 1223 635 1310 imperatore
649 1246 710 1310 per
724 1223 781 1291 via
799 1226 886 1291 della
902 1245 1046 1306 camera,
1066 1225 1156 1294 doue
1171 1226 1339 1311 responde
1354 1225 1410 1292 alli
1423 1225 1549 1292 articoli
1559 1225 1631 1294 della

432 1339 629 1410 fondatione
644 1339 679 1405 di
694 1350 816 1424 questo
832 1339 989 1428 collegio.
1001 1342 1040 1408 -Α
1058 1341 1170 1425 quello
1185 1342 1229 1408 de
1241 1357 1284 1405 ro
1293 1341 1464 1427 plaustris
1479 1341 1549 1406 riui
1561 1345 1588 1405 et
1598 1357 1629 1422 jo

431 1455 554 1522 modiis
581 1455 699 1536 tritici,
727 1457 899 1544 uagatiue.
929 1456 1097 1522 Similiter
1123 1456 1163 1521 de
1182 1456 1382 1530 ¹doctoribus
1412 1462 1443 1520 et
1471 1456 1628 1542 magistris

430 1571 601 1636 creandis.
622 1572 655 1637 A
671 1571 784 1656 quello
799 1571 839 1636 de
854 1571 1104 1656 confirmandis
1114 1573 1328 1659 priuilegiis,
1350 1592 1409 1636 nea
1429 1571 1487 1636 hoc
1505 1592 1559 1636 nec
1575 1569 1627 1635 aiio

429 1686 537 1766 modo,
554 1685 643 1754 insin
666 1707 686 1752 a
709 1697 804 1752 tanto
824 1689 889 1755 che
909 1685 932 1750 li
952 1685 1076 1752 habbia
1095 1686 1195 1753 visto.
1219 1686 1316 1752 Della
1336 1707 1414 1753 casa
1434 1685 1510 1752 delli
1528 1684 1622 1763 nobili,

428 1803 494 1868 che
510 1798 533 1865 il
549 1801 695 1886 collegio
710 1823 778 1868 non
794 1804 839 1867 ha
855 1822 938 1868 seno
953 1802 1303 1886 mperiuteudentiam
1325 1801 1517 1887 quamdam.
1538 1801 1622 1868 Dela

429 1916 625 1984 fondatione
640 1915 668 1982 si
685 1919 851 2002 responde
866 1917 936 1983 cosi
956 1917 1171 1982 adverbum:
1190 1917 1300 1982 «atad
1315 1922 1429 1982 tamen
1445 1915 1623 1980 conueniens

428 2031 604 2098 Maiestati
619 2051 701 2097 suae
719 2033 907 2099 Caesareae
920 2034 1032 2098 visum
1049 2038 1098 2098 est
1112 2038 1146 2097 at
1161 2033 1267 2097 eidem
1282 2032 1489 2120 fundationi
1506 2029 1622 2096 disertis

426 2147 539 2212 verbis
553 2148 655 2211 etiam
672 2148 864 2212 inseratur.
892 2148 979 2230 Quot
989 2157 1158 2234 personae
1177 2149 1215 2212 iu
1235 2146 1402 2212 eiusmodi
1417 2167 1529 2212 eorum
1543 2144 1620 2209 ooa-

424 2264 487 2348 gio
502 2263 677 2346 perpetuis
691 2263 834 2349 futuris
855 2263 1059 2347 temporibus
1078 2263 1202 2349 degere
1222 2261 1370 2340 debeam,
1389 2267 1421 2326 et
1441 2259 1523 2346 quod
1535 2260 1619 2348 futa-

427 2397 507 2440 rum
527 2378 573 2442 sit
593 2398 710 2442 eorum
731 2378 880 2464 officium
902 2383 933 2443 et
952 2378 1098 2443 debitum
1114 2385 1181 2462 pro
1202 2376 1265 2442 iali
1284 2377 1442 2462 beneficio
1462 2379 1620 2462 praestan·

427 2491 521 2556 dum.
540 2493 591 2557 Eo
606 2493 647 2557 ab
663 2494 749 2579 ipsis
758 2493 940 2580 fratribus
955 2495 1117 2578 explicato
1137 2498 1236 2578 atque
1255 2491 1462 2579 significata,
1482 2490 1620 2556 rtiaiestas

425 2628 491 2672 sua
508 2608 679 2672 Caesarea
691 2609 846 2694 gratiose
860 2607 1036 2672 mandabit
1046 2614 1081 2673 at
1092 2608 1143 2673 bis
1155 2607 1247 2672 mille
1258 2607 1311 2672 itti
1320 2607 1460 2692 florem,
1472 2605 1620 2694 informa

420 2723 646 2810 fundationis
669 2721 910 2807 comprehensi,
930 2725 1067 2789 statutis
1089 2745 1129 2788 ac
1148 2724 1250 2813 certis
1268 2723 1352 2787 locis
1371 2722 1534 2806 debitoque
1550 2725 1615 2784 um-
1715 2793 1716 2822 1

421 2843 505 2921 pore
520 2838 644 2922 absque
658 2838 726 2902 vila
735 2839 870 2927 fraude
886 2845 916 2903 et
931 2839 1157 2904 diminutione
1172 2839 1220 2903 eis
1236 2839 1449 2904 soiuautur.»

493 2970 524 3019 2.
574 2954 659 3019 Rdo.
680 2955 800 3033 padre,
819 2955 850 3020 la
868 2955 908 3020 R.
928 2955 971 3020 V.
990 2955 1076 3022 vede
1087 2953 1122 3020 in
1134 2953 1224 3038 quali
1238 2952 1373 3022 termini
1384 2964 1504 3019 stanno
1512 2951 1541 3016 le
1550 2967 1615 3014 cose

424 3078 552 3151 nostre,
571 3067 643 3134 cioe
659 3067 693 3133 in
709 3067 884 3134 bonissimi
901 3080 936 3136 et
951 3068 1141 3149 saldissimi,
1160 3079 1194 3136 et
1210 3069 1286 3136 fuor
1301 3069 1356 3136 del
1372 3069 1466 3134 fauor
1478 3069 1612 3138 humano,

424 3195 459 3250 et
486 3184 574 3250 nelle
594 3183 683 3248 mani
704 3184 793 3249 della
811 3183 928 3250 diuina
948 3183 1172 3270 prouidentia.
1196 3185 1297 3251 Onde
1317 3183 1534 3251 sicuramente
1551 3195 1611 3264 pos-

425 3297 531 3364 siamo
548 3297 631 3364 dire:
651 3279 874 3382 Aporiauzur,
890 3299 949 3365 sed
963 3321 1033 3366 nou
1049 3301 1279 3380 destituimur,
1299 3301 1306 3332 ¹
1327 3309 1395 3366 etc.
1418 3299 1509 3366 Deile
1526 3293 1613 3376 rispo-

423 3423 476 3480 ste
492 3413 654 3498 negatiue
669 3423 797 3499 quanto
814 3415 879 3480 alla
894 3435 972 3480 casa
992 3413 1071 3483 delli
1092 3413 1197 3480 nobili
1216 3425 1250 3480 et
1271 3413 1358 3481 delle
1379 3407 1563 3498 promotioni
1578 3405 1612 3468 de

423 3527 550 3594 dottori
565 3539 599 3594 et
614 3528 751 3596 maestri
768 3529 834 3596 mai
849 3531 895 3595 ho
910 3532 1040 3595 hauuto
1055 3528 1278 3596 dubitatione.

490 3663 521 3727 3.
571 3645 635 3709 Nel
667 3654 773 3728 punto
800 3642 985 3730 principale
1014 3643 1195 3712 habbiamo
1223 3655 1317 3711 certe
1347 3635 1609 3708 dubitationis

397 3745 400 3754 ¹
421 3756 529 3844 prima
545 3761 577 3838 ἐ,
594 3757 623 3824 si
639 3757 695 3824 noi
712 3757 767 3845 (io,
785 3759 874 3841 dico,
892 3770 927 3826 et
943 3757 966 3825 il
982 3760 1118 3844 rettore)
1134 3757 1313 3825 habbiamo
1328 3757 1363 3823 di
1380 3745 1607 3844 impacciarsidi

421 3884 543 3958 questo
559 3872 711 3959 negotio,
728 3875 814 3940 oltra
830 3873 864 3940 di
881 3875 994 3959 quello
1013 3877 1077 3943 che
1097 3873 1126 3940 si
1146 3875 1167 3940 ὁ
1187 3874 1271 3940 fatto
1291 3874 1337 3939 da
1354 3873 1424 3952 noi,
1445 3863 1609 3936 mandando

420 3989 452 4054 al
468 3998 586 4054 nostro
604 3989 714 4056 Padre
730 3989 763 4056 la
777 3989 874 4075 copia
890 3991 945 4058 del
960 3991 1097 4057 decreto
1113 3999 1194 4071 etc.;
1212 3989 1405 4074 imperoche
1422 4008 1497 4073 pare
1510 3980 1540 4048 di
1551 3989 1606 4044 toc-

420 4124 498 4171 care
514 4103 545 4167 al
563 4102 674 4168 officio
688 4105 744 4172 del
761 4107 803 4170 P.
827 4104 974 4172 Vittoria
989 4106 1014 4185 ²,
1033 4103 1056 4169 il
1072 4105 1171 4188 quale
1187 4125 1267 4189 pare
1283 4125 1354 4170 non
1367 4103 1458 4169 voler
1470 4100 1531 4164 fare
1541 4095 1609 4160 atrro

473 4348 480 4378 ¹
519 4345 625 4403 Eprsr.
641 4347 682 4400 2.⁸
694 4357 737 4400 so
751 4345 921 4415 Comassa,
935 4347 988 4417 1v,
1002 4345 1028 4402 8.

434 4499 437 4506 ⁴
469 4437 480 4468 ¹
518 4433 552 4492 In
579 4434 710 4504 margine
733 4436 857 4490 habetur
878 4437 951 4490 haec
963 4435 1125 4507 responsio,
1138 4432 1257 4496 Polanci
1271 4451 1357 4489 manu
1380 4439 1501 4488 exarata:
1522 4419 1607 4480 Poicdt‘

421 4523 553 4577 Victoria
566 4525 651 4578 viena
664 4541 734 4594 qua,
748 4526 802 4580 dia
815 4525 861 4578 lui
874 4526 980 4579 ordiam
993 4525 1051 4578 alli
1063 4525 1190 4597 negocii,
1204 4524 1272 4578 etsi
1283 4523 1364 4578 aiuti
1376 4523 1406 4577 d'
1420 4521 1504 4576 alcun
1516 4519 1604 4587 prom·

413 4617 516 4667 ratore
529 4614 563 4667 di
574 4613 651 4684 sora
668 4619 696 4668 et
713 4615 749 4668 de
766 4614 943 4681 Vandaliua,
964 4631 1045 4668 camo
1064 4615 1088 4668 il
1106 4615 1160 4669 Pr
1176 4613 1279 4672 Nadal
1295 4613 1320 4668 li
1335 4613 1413 4667 disse
1425 4609 1455 4666 ai
1473 4603 1561 4679 parii!
1578 4597 1606 4652 it

412 4701 566 4760 Norback.
1008 4729 1010 4734 ·
