3464 5386
644 439 660 494 5
680 425 866 480 Novnrrnrus
887 425 955 494 1563
1356 425 1409 497 435

176 571 229 658 gli
245 575 295 642 ha
312 573 404 660 spesi
419 579 450 642 el
460 577 525 661 pit‘t
548 577 570 656 ¹,
590 584 624 644 et
639 574 672 642 io
688 597 811 642 ancora
823 578 868 643 ho
880 576 1036 644 riceuuto
1050 596 1116 645 200
1131 578 1242 644 fiorini
1259 579 1315 646 del
1330 601 1409 646 eco-

176 709 303 770 nomo,
320 701 355 756 et
372 709 411 774 31
429 690 484 756 dal
501 701 638 772 rettore‚
656 691 744 756 della
759 693 840 776 qual
855 713 987 758 summa
998 691 1026 758 si
1039 715 1082 758 ua
1096 694 1260 761 fomendo
1272 696 1305 762 la
1317 715 1408 774 casa,

175 815 212 868 et
229 805 411 872 facendosi
426 806 459 874 le
471 827 568 890 spese
584 828 643 893 per
658 805 780 872 iluitto
792 807 828 872 in
840 817 935 873 tanto
946 810 1011 874 che
1028 829 1190 894 uengono
1205 809 1232 873 li
1242 811 1384 874 termini
1397 810 1408 842 ¹

175 919 236 984 del
253 919 512 1006 assignamento
532 923 575 988 de
596 922 682 987 2800
703 921 827 988 fiorini.
852 921 899 989 Mi
919 921 1010 990 disse
1030 925 1139 990 anche
1155 925 1347 992 l'economo
1362 923 1409 990 mi

174 1019 335 1101 darebbe
351 1035 428 1101 altri
443 1055 509 1126 'roo
525 1035 634 1102 fiorini
650 1047 777 1123 presto,
795 1059 851 1104 rna
867 1059 936 1104 non
951 1041 971 1105 e
988 1049 1135 1119 tornato,
1159 1040 1223 1106 che
1242 1041 1262 1106 e
1284 1040 1409 1106 andato

176 1173 197 1216 a
212 1151 348 1220 uedere
363 1155 428 1219 che
443 1172 523 1217 cosa
538 1173 622 1218 sono
637 1151 749 1236 questi
761 1153 888 1219 rumori
904 1153 938 1218 di
954 1174 1080 1240 guerra
1095 1156 1159 1221 che
1176 1153 1209 1220 ui
1222 1175 1335 1221 erano.
1351 1155 1409 1220 Ho

175 1279 382 1332 conuenuto
397 1288 463 1332 con
479 1269 574 1334 detto
589 1288 752 1334 economo
768 1268 801 1354 (il
817 1268 957 1354 qual-mi
974 1291 1053 1354 pare
1068 1272 1195 1335 huomo
1210 1271 1254 1336 da
1269 1272 1358 1338 bene
1373 1281 1408 1337 et

176 1380 291 1446 molto
315 1381 530 1468 intelligente
556 1384 635 1452 nell'
654 1383 765 1449 officio
791 1385 866 1470 suo)
883 1387 947 1452 che
963 1383 986 1448 li
1002 1387 1083 1452 daro
1106 1386 1139 1451 la
1158 1384 1236 1452 lista
1255 1385 1289 1452 di
1318 1396 1408 1452 tutto

175 1497 299 1580 quello
314 1499 379 1562 che
394 1499 541 1566 hauemo
555 1509 730 1584 comprato
746 1521 805 1584 per
821 1499 925 1567 uestir
940 1499 963 1565 li
980 1499 1097 1582 nostri,
1111 1521 1173 1585 per
1183 1499 1260 1567 libri
1273 1511 1308 1568 et
1323 1521 1399 1586 sup·

175 1610 357 1696 pellectili,
375 1623 409 1680 et
425 1615 489 1681 che
508 1613 682 1700 giudicara
700 1614 747 1680 lui
767 1613 890 1682 istesso
905 1617 1018 1700 quello
1038 1618 1102 1682 che
1117 1615 1148 1682 ci
1169 1638 1300 1696 manca,
1324 1628 1359 1684 et
1374 1616 1406 1684 ci

175 1725 264 1793 dara
280 1726 305 1793 il
321 1738 412 1796 resto
428 1750 488 1814 per
508 1729 634 1798 fornire
653 1741 774 1814 questo
794 1729 938 1816 collegio
954 1753 1013 1816 per
1030 1749 1073 1798 20
1088 1751 1243 1816 persone,
1266 1730 1289 1796 il
1305 1733 1406 1818 quale

174 1863 327 1910 numero
342 1843 389 1908 mi
405 1865 485 1929 pare
500 1845 535 1909 vi
546 1849 648 1929 patro
659 1850 734 1910 star
746 1847 757 1878 ³
771 1867 831 1932 per
841 1848 962 1914 adesso
974 1847 1116 1933 (benche
1128 1857 1289 1912 staranno
1301 1856 1405 1916 stret-

177 1955 304 2024 tissimi
319 1958 360 2024 da
375 1964 492 2025 strnze
508 1960 520 1991 ⁴
537 1960 649 2027 finche
665 1959 833 2045 possiamo
853 1963 980 2028 hauere
1000 1960 1208 2029 habitatione
1227 1960 1405 2048 maggiore

176 2093 242 2159 per
256 2084 402 2142 mettere
418 2075 441 2139 il
467 2095 609 2142 numero
636 2075 768 2143 intiero.
787 2078 831 2142 Et
847 2087 974 2160 quanto
995 2075 1053 2161 piri
1072 2097 1218 2143 saranno
1238 2077 1261 2141 li
1282 2075 1402 2158 nostri,

177 2177 328 2256 saranno
344 2193 454 2257 anche
468 2192 500 2258 le
516 2192 630 2258 schole
645 2191 704 2277 piu
720 2191 858 2274 aiutate,
877 2192 1001 2280 perche
1013 2201 1179 2278 potranno
1191 2202 1360 2278 repettere
1372 2193 1404 2258 le

175 2304 316 2371 lettioni
329 2307 397 2392 agl'
416 2305 504 2386 altri,
522 2317 589 2372 etc.

247 2425 301 2504 5)
329 2421 378 2489 Le
393 2443 492 2507 spese
507 2423 549 2488 de
565 2421 641 2488 libri
661 2422 828 2508 separarei
848 2421 881 2488 io
902 2423 993 2509 dagl'
1012 2423 1096 2489 altre
1112 2425 1176 2490 che
1197 2421 1226 2488 si
1247 2423 1350 2489 fanno
1366 2422 1402 2487 in

175 2547 301 2621 questo
316 2535 481 2623 principio
496 2535 530 2603 di
546 2537 770 2622 suppellectili
785 2536 821 2603 di
833 2559 911 2606 casa
927 2547 961 2603 et
975 2537 1010 2603 di
1027 2537 1153 2606 uestire
1173 2537 1196 2603 11
1219 2538 1353 2620 fratelli,
1373 2537 1401 2604 si

177 2654 222 2718 V.
249 2653 286 2720 S.
306 2653 409 2719 lllma.
431 2651 462 2717 ci
479 2653 513 2718 fa
533 2652 613 2720 dare
633 2652 987 2720 straordinariamente
1007 2654 1055 2718 fin
1074 2676 1095 2721 a
1117 2674 1181 2737 300
1204 2651 1318 2719 fiorini
1340 2676 1402 2740 per

175 2767 263 2836 detti
279 2766 367 2834 libri.
1374 2841 1375 2844 ,

243 2885 277 2950 6.
325 2886 466 2969 Quanto
482 2885 546 2950 alla
562 2883 687 2964 chiesa,
706 2883 874 2970 possiamo
891 2883 1037 2969 passarci
1060 2905 1120 2968 per
1141 2885 1275 2966 adesso,
1295 2885 1338 2951 ne
1353 2885 1400 2950 mi

175 3021 237 3084 par
249 2999 477 3067 conueniente
489 2999 579 3085 aprir
589 3000 621 3066 la
632 2999 818 3085 porticella,
833 3018 929 3066 come
942 3008 1152 3084 permetteua
1164 3001 1208 3066 V.
1223 3001 1260 3068 S.
1276 3000 1396 3082 lllma.;

176 3137 232 3182 ma
247 3136 346 3184 corne
366 3115 409 3181 lei
429 3115 479 3182 sia
500 3126 639 3198 uenuta‚
662 3137 728 3182 con
743 3116 775 3181 la
795 3114 904 3201 gratia
925 3115 968 3182 de
985 3113 1111 3200 Signor
1127 3117 1191 3180 che
1207 3115 1238 3180 ci
1258 3115 1340 3182 dara
1356 3115 1401 3180 lai

175 3233 298 3296 istesso
323 3231 437 3296 clama
452 3232 510 3296 at⁸
531 3232 646 3298 buona
670 3229 891 3310 habitatione,
914 3239 949 3296 et
968 3229 1002 3295 io
1021 3231 1067 3294 ho
1087 3239 1278 3315 conceputo
1298 3229 1356 3316 gia
1375 3229 1401 3296 il

174 3345 308 3413 modelo
324 3347 388 3413 che
403 3349 569 3413 conuerra
585 3345 673 3412 anoi
688 3355 722 3411 et
738 3367 758 3410 a
775 3355 863 3410 tutta
878 3345 1019 3430 l'0pera,
1038 3355 1073 3410 et
1088 3344 1220 3412 intento
1241 3344 1275 3409 di
1295 3346 1338 3411 V.
1357 3346 1396 3413 S.

175 3462 296 3541 lllma.,
314 3483 351 3528 se
367 3462 440 3528 cosi
456 3484 476 3527 a
491 3459 534 3527 lei
556 3463 686 3546 patera.

242 3595 273 3659 7.
323 3578 463 3661 Quanto
478 3578 510 3644 al
537 3579 659 3644 affecto
686 3576 730 3645 de
757 3577 800 3642 V.
830 3577 866 3644 S.
897 3576 1003 3641 lllma.
1022 3577 1086 3643 che
1114 3595 1172 3660 per
1197 3595 1259 3642 sua
1275 3575 1396 3644 lettera

174 3701 300 3759 mostra
315 3693 359 3759 de
375 3693 481 3758 molto
494 3693 538 3758 da
553 3713 591 3758 sc
608 3687 739 3781 uo[ler']
759 3691 889 3758 alutare
901 3701 1021 3774 questa
1042 3711 1105 3758 sua
1120 3709 1234 3775 opera,
1258 3689 1396 3756 merita-

175 3819 287 3874 mente
302 3807 335 3873 ci
350 3808 393 3873 da
417 3808 521 3874 molto
543 3806 668 3886 animo,
691 3817 915 3890 quantunque
931 3804 954 3870 li
970 3826 1072 3890 posso
1093 3804 1166 3872 dire
1186 3825 1251 3869 con
1273 3803 1396 3884 uerita,

228 4015 235 4047 ¹
273 4011 358 4066 Prius
371 4012 512 4083 scripturn
524 4011 621 4066 fuerat
633 4011 715 4064 αεεαί
724 4009 791 4082 piri.

224 4105 236 4136 ’
272 4101 298 4156 zi
309 4102 436 4156 termini
448 4099 565 4173 scripsit
578 4101 720 4155 Polaneus
734 4101 797 4154 loco
820 4099 974 4153 verborum
989 4099 1015 4153 le
1029 4097 1170 4170 ungarie,
1189 4113 1264 4168 quae
1281 4098 1395 4152 cancel-

176 4189 232 4244 lata
244 4189 338 4246 fuere.
396 4217 399 4224 ⁴

224 4283 236 4314 ³
272 4279 369 4335 Antea
391 4279 532 4351 scriptum
553 4277 650 4334 luerat
671 4277 805 4342 bastard,
828 4291 885 4349 quo
904 4276 1014 4345 deleto,
1032 4277 1176 4332 Polaneus
1194 4274 1311 4330 suffecit
1330 4273 1395 4330 eius

174 4370 236 4424 loco
249 4371 339 4425 verba
351 4370 384 4424 vi
393 4369 484 4442 petrei
497 4373 574 4424 star.

224 4463 235 4493 ⁴
256 4457 308 4514 ‘da
320 4463 431 4525 nanze,
447 4475 464 4512 a
476 4456 604 4512 Polanco
616 4454 758 4511 additum.
828 4505 832 4514 ‚

223 4551 235 4583 ⁵
270 4547 316 4602 Ita
328 4547 473 4602 Polaneus
492 4563 545 4601 sua
562 4563 650 4602 manu
667 4544 845 4600 emendavit.
866 4545 950 4600 Priu
968 4552 1066 4600 autem
1083 4544 1225 4616 scriptum
1238 4543 1342 4602 iuerat:
1366 4544 1396 4598 ci

171 4638 249 4692 clani
261 4636 359 4692 basona
371 4635 555 4692 habitatione
567 4639 596 4690 et
608 4634 687 4690 dani
700 4635 806 4690 ordina
819 4635 868 4688 che
881 4634 1036 4689 habbiamo
1047 4633 1145 4688 bunna
1157 4633 1287 4690 chiesa..
