3666 5384
776 471 844 539 Ι556
1383 479 1421 540 47

180 621 341 707 quadarn
358 622 466 689 morbi
483 621 645 690 foeditate
660 622 888 704 conflictatus,
907 624 1043 691 tandem
1059 624 1232 711 profectus
1247 622 1284 690 in
1296 621 1424 709 Hispa-

187 737 300 819 niam,
320 759 389 804 non
404 737 465 804 diu
480 737 682 826 superuixit.
702 737 770 805 Hic
786 740 898 806 bonus
918 741 1021 807 Pater
1040 740 1149 806 multa
1168 738 1310 808 abstulit
1329 761 1350 807 a
1369 760 1424 810 me

187 853 365 920 sacrificia
379 853 515 934 missae,
535 854 642 920 multa
657 853 701 920 ab
713 853 788 939 alijs
804 854 976 935 Patribus,
993 854 1119 921 multas
1138 854 1320 922 orationes,
1344 856 1426 922 Erat

190 970 249 1035 vir
276 970 401 1036 doctus
426 967 651 1055 speculatiue,
674 979 710 1034 et
737 979 934 1036 accuratum
961 967 1096 1056 scripsit
1122 969 1247 1036 librum
1273 971 1317 1038 de
1342 969 1427 1038 locis

191 1083 419 1172 theologicis
443 1103 568 1158 verum¹
590 1083 732 1151 offendit
752 1084 878 1150 multos
899 1105 962 1152 sua
980 1083 1109 1171 ingenij
1132 1083 1272 1171 practici
1292 1084 1427 1152 dificul-

192 1213 283 1284 tate,
305 1210 372 1268 etc.
399 1199 527 1268 Anima
551 1198 627 1266 eius
650 1198 686 1264 in
707 1211 827 1266 sancta
854 1221 938 1286 pace
965 1199 1169 1286 requiescat.
1189 1200 1362 1284 Exercuit,
1391 1201 1427 1268 in

191 1316 298 1384 nobis
314 1315 526 1402 patientiam,
544 1314 744 1383 charitatem
756 1326 791 1382 et
807 1314 973 1384 beneficia
984 1316 1020 1382 in
1032 1338 1070 1384 se
1085 1325 1203 1383 nostra
1221 1314 1228 1404 Ι
1247 1316 1319 1383 suis
1330 1315 1428 1384 oblo-

189 1432 396 1500 cutionibus
411 1429 587 1511 excitauit,
603 1451 688 1515 quas
703 1451 770 1518 ego
791 1452 925 1516 semper
945 1431 1076 1500 fatebor
1095 1452 1138 1498 ex
1158 1431 1232 1498 zelo
1254 1429 1429 1519 religionis

191 1560 233 1617 et
253 1546 391 1636 pietatis
417 1568 494 1614 esse
520 1545 703 1632 prosectas3
725 1566 790 1612 nec
816 1546 959 1614 vlterius
987 1545 1146 1632 cogitabo
1169 1569 1213 1614 an
1240 1548 1429 1616 secundum

194 1663 390 1733 scientiam.
655 1671 657 1678 ’

268 1777 427 1846 Prouisio
449 1777 592 1858 interea,
618 1797 706 1862 quae
725 1787 799 1844 erat
819 1776 926 1862 prima
946 1798 1028 1844 cura
1056 1799 1152 1846 meae
1178 1777 1359 1860 missionis,
1378 1791 1432 1849 est

195 1897 370 1964 confecta.
391 1893 498 1961 Missa
513 1894 655 1960 Romam
673 1913 759 1978 3000
777 1909 808 1964 Δ
826 1913 887 1980 per
902 1893 1016 1960 literas
1033 1893 1260 1979 collybisticas
1277 1898 1431 1982 burgen7

195 2013 292 2079 sium
307 2019 549 2090 mercatorum,
567 2018 605 2074 vt
620 2006 764 2094 singulis
779 2007 955 2076 mensibus
969 2007 1142 2076 Florentia
1157 2009 1373 2078 mitterentur
1386 2011 1432 2078 ad

198 2141 340 2196 nostros
376 2127 520 2192 Romam
553 2144 618 2208 30⁰
650 2139 698 2194 Δ.
730 2122 978 2192 Praestiterunt
1010 2146 1092 2192 vero
1126 2128 1192 2192 hoc
1227 2135 1433 2194 mercatores

197 2246 332 2329 absque
348 2262 504 2308 summae
520 2239 758 2325 dimjnutione,
781 2241 874 2324 quod
894 2240 959 2306 fnit
979 2241 1207 2309 necessarium
1227 2241 1433 2328 praesidium

197 2357 340 2446 collegij
357 2355 502 2436 romani,
521 2366 624 2440 atque
638 2354 690 2422 8¹
708 2355 794 2422 adeo
809 2357 969 2436 salutare,
989 2366 1025 2422 vt
1040 2377 1109 2441 quo
1130 2367 1282 2444 tempore
1296 2367 1434 2444 propter

200 2475 370 2542 bellorum
388 2470 593 2540 detrimenta
609 2480 645 2538 et
663 2493 777 2538 rerum
798 2470 949 2538 omnium
968 2471 1186 2552 dificultates,
1209 2473 1433 2559 potentissimi

199 2590 396 2660 cardinales
412 2589 542 2654 Romae
555 2585 599 2654 de
614 2609 653 2655 re
672 2587 847 2673 pecuniari
867 2585 1157 2668 conflictarentur,
1171 2609 1234 2655 nos
1254 2588 1339 2656 nihil
1353 2611 1434 2657 sen-

202 2707 348 2776 tiremus
364 2702 539 2791 penuriae.
558 2705 634 2771 Hae
650 2701 816 2788 pecuniae
831 2713 1066 2788 prouenerunt
1085 2704 1207 2790 partim
1227 2726 1271 2771 err
1289 2703 1434 2774 residuis

201 2823 289 2890 iuris
305 2824 347 2888 P.
366 2818 552 2898 Francisci,
567 2818 688 2904 partim
705 2841 747 2887 ex
765 2821 802 2884 Ρ.
819 2818 984 2885 Antonio.
1003 2819 1117 2888 Credo
1127 2841 1204 2889 esse
1217 2831 1299 2888 tunc
1311 2841 1434 2907 accep-
1553 2845 1554 2848 ¹

204 2952 261 3007 tos
277 2956 345 3020 400
366 2953 398 3008 Δ
420 2957 463 3002 ex
478 2934 625 3020 collegio
640 2932 845 3019 placentino,
864 2934 911 3002 ita
927 2947 1053 3016 tamen,
1067 2946 1105 3001 vt
1120 2946 1211 3006 esset
1226 2938 1270 3004 de
1281 2935 1436 3023 pecunijs

201 3053 334 3121 debitis
350 3054 490 3130 Romae,
513 3051 605 3116 vnde
630 3053 668 3117 P.
691 3050 896 3117 Franciscus
916 3049 1006 3116 illam
1027 3071 1195 3118 summam
1222 3051 1368 3139 collegio
1388 3052 1437 3120 illi

205 3163 443 3258 refundere[t}.
465 3166 472 3254 Ι

709 3339 944 3437 [Marruuia]

277 3515 452 3586 Conuenit
468 3537 522 3582 me
538 3517 734 3600 Metymnae
750 3515 881 3584 Suetus
897 3517 996 3602 Vega
1010 3518 1054 3584 de
1069 3517 1128 3585 lite
1143 3517 1197 3584 sui
1220 3517 1436 3604 matrimonij:

204 3632 385 3717 consului,
407 3652 496 3717 quae
522 3639 747 3697 occurrerunt
758 3651 800 3696 ex
828 3629 902 3698 eius
922 3631 1099 3716 relatione,
1120 3653 1306 3720 numquam
1335 3632 1440 3702 fuisse

204 3754 297 3822 illud
312 3746 567 3816 matrimonium
579 3766 711 3829 verum;
725 3747 914 3813 curandum
926 3757 964 3812 vt
974 3747 1232 3829 dissolueretur,
1246 3760 1329 3830 etc,
1348 3751 1440 3836 quod

204 3869 258 3936 illi
275 3863 456 3936 sucessite
471 3861 654 3937 sententia.

280 3978 467 4068 Disputaui
493 4000 572 4045 cum
599 3977 731 4046 medico
759 3980 879 4058 Perea,
902 3977 960 4062 qui
988 3979 1129 4046 ridicule
1145 3979 1295 4065 quidem,
1323 3999 1442 4048 verunr

207 4107 414 4168 constanter
429 4104 558 4177 tuetur,
576 4093 612 4160 in
626 4093 737 4160 brutis
752 4093 881 4159 nullam
896 4113 973 4160 esse
987 4093 1087 4161 aliam
1102 4095 1249 4163 animam
1264 4115 1365 4181 quam
1381 4115 1444 4164 ve·
1549 4091 1552 4098 '

207 4211 417 4304 gelatiuam.
439 4209 580 4278 Adduxi
595 4209 691 4277 illum
706 4219 745 4274 vt
757 4208 891 4276 timeret
901 4205 1066 4292 asserere,
1080 4232 1169 4296 quae
1184 4207 1383 4299 nesci[e]bat
1399 4231 1444 4277 an

207 4341 307 4400 esset
322 4338 443 4396 contra
458 4327 573 4408 fidem,
592 4326 794 4411 scripturam
810 4334 846 4391 et
860 4326 1039 4392 doctorum
1059 4327 1222 4394 ecclesiae
1242 4326 1442 4394 doctrinam.

281 4443 342 4512 82
378 4441 586 4524 Bernartius,
602 4440 719 4508 iussus
744 4439 858 4508 dicere
877 4440 921 4507 de
942 4439 1099 4528 Angelis,
1121 4440 1208 4510 adeo
1224 4440 1395 4530 profunde
1410 4451 1447 4511 et

209 4557 440 4650 spiritualiter
454 4556 627 4637 disseruit,
649 4567 687 4622 vt
707 4577 867 4643 magnam
887 4555 1141 4625 admirationem
1167 4558 1265 4627 nobis
1287 4559 1449 4626 afferrent

211 4697 310 4764 quae
321 4675 558 4743 audiebamus.
