3544 5390
328 439 380 514 584
795 441 1085 500 Errsr.P.Nan1u.

322 605 429 664 tatem
444 592 653 684 ingrederer,
673 608 740 666 tres
755 618 880 677 annos;
902 595 937 661 in
959 593 1163 665 Societatem
1184 618 1266 664 vero
1288 603 1464 681 receptus,
1483 617 1547 663 an·

324 706 407 752 num
423 706 502 752 cum
526 706 658 769 mense;
680 685 810 772 idque
802 708 838 752 m
857 683 1035 752 rhetoricis
1050 696 1085 752 et
1102 684 1345 773 grammaticis.
1373 684 1446 772 [lv.
1466 703 1544 769 700,

326 793 404 859 704
420 792 483 858 707
584 800 588 807 “

398 775 674 951 1.1.]9teplzanus
689 865 876 931 Romalius.
902 883 933 930 2.
948 865 1142 932 Germanus
1154 861 1439 949 hoendengensis,
1453 865 1547 948 quod

325 961 377 1020 est
399 951 547 1021 Sueuiae
567 953 740 1040 oppidum.
768 972 817 1021 12.
842 952 996 1022 Viennae
1016 953 1176 1022 Austriae
1196 952 1408 1021 examinatus
1431 963 1467 1018 et
1489 975 1547 1022 re-

325 1052 445 1128 ceptus
461 1064 550 1108 anno
570 1043 628 1110 61.
662 1062 716 1125 14.
743 1045 781 1110 ln
801 1043 981 1111 diaconum
1001 1041 1155 1111 Viennae
1174 1042 1349 1109 ordinatus
1368 1062 1459 1107 anno
1478 1043 1538 1125 65.

330 1148 384 1213 17.
413 1131 645 1200 Humanitatis
665 1133 834 1218 professor
854 1130 1035 1199 Tirnauiae
1055 1152 1278 1218 perannum,
1301 1129 1467 1198 Olomutii
1486 1153 1548 1216 per

327 1218 493 1301 medium,
514 1219 753 1324 philosophiae
768 1221 941 1288 studiosus
964 1220 1118 1289 Viennae
1141 1242 1201 1306 per
1221 1218 1454 1288 biennium...
1480 1221 1550 1288 Per

237 1385 240 1394 Ι
327 1308 475 1376 medium
492 1331 619 1375 annum
636 1310 753 1378 solus
744 1333 780 1377 ιιι
795 1309 954 1377 cubiculo
971 1310 1034 1376 ιιιι.
1058 1307 1290 1376 infirmarius'
1281 1319 1373 1388 rtem,
1392 1306 1550 1374 nouicio-

328 1418 403 1464 rum
423 1396 598 1484 magister,
621 1399 855 1465 conuictorum
876 1397 1028 1466 minister
1050 1399 1098 1466 fui
1119 1398 1330 1467 Viennae...
1357 1359 1549 1468 ’contiona-

328 1497 384 1552 tus
400 1507 476 1552 sum
493 1487 685 1568 Tirnauiae,
704 1488 870 1570 Viennae,
889 1487 1068 1572 Olomuti.
1092 1489 1129 1554 ln
1144 1487 1267 1555 artium
1287 1449 1546 1554 baccalaureum
1645 1549 1649 1557 .

328 1586 505 1676 promotus
517 1598 593 1642 sum
605 1576 765 1663 Friburgi
778 1577 993 1664 Brisgouiae.
1015 1576 1251 1662 Philosophiae
1262 1573 1378 1642 studui
1390 1595 1451 1662 per
1458 1595 1549 1676 qua-

328 1663 519 1734 driennium
535 1676 615 1767 ante
629 1665 834 1767 ingressum,
849 1629 967 1751 postea
983 1687 1065 1740 uero
1080 1687 1141 1751 per
1156 1665 1341 1734 biennium.
1356 1663 1468 1732 Docui
1479 1665 1548 1732 hu-

328 1753 524 1856 manitatem
541 1752 576 1820 in
593 1753 763 1823 Societate
780 1757 849 1823 fere
864 1775 925 1841 per
940 1755 1113 1822 biennium
1129 1765 1230 1823 antea
1248 1754 1465 1842 pedagogum
1481 1775 1548 1820 no-

331 1840 450 1908 bilium
466 1841 534 1928 egi.
553 1845 625 1927 [IV,
617 1844 731 1999 'md'

400 1949 428 1999 1.
482 1931 687 1998 Tlaeobuldus
729 1938 791 1999 toz.
799 1951 838 2000 a.
858 1935 979 2000 Annos
993 1943 1096 1999 natus
1110 1931 1245 2001 circiter
1266 1933 1320 1999 28.
1345 1951 1377 2016 3.
1400 1933 1548 2000 Germa-

330 2041 396 2088 nus
412 2019 605 2106 prouinciae
620 2021 803 2107 superioris
819 2021 1033 2102 Germaniae,
1060 2021 1166 2108 patria
1187 2031 1400 2108 augustanus
1412 2022 1549 2124 proprie

329 2111 646 2179 Zusmerhausen..
670 2112 719 2178 16.
734 2111 854 2178 Nullas
870 2073 1098 2198 [probationes
1112 2109 1202 2177 subii
1229 2121 1362 2196 praeter
1373 2109 1547 2188 exercitia

328 2197 430 2284 idque
450 2220 510 2285 per
533 2200 674 2286 primam
701 2199 920 2288 septimanam
949 2209 1092 2266 tantum.
1127 2218 1177 2282 17.
1270 2199 1366 2266 nullo
1387 2199 1550 2284 peculiari

329 2287 442 2354 officio
458 2309 608 2374 unquam
624 2299 822 2376 occupatus,
841 2299 973 2390 praeter
989 2288 1100 2374 quod
1091 2311 1157 2355 ram
1170 2299 1239 2356 tres
1250 2309 1361 2355 annos
1376 2289 1548 2373 Monachij

329 2376 562 2445 confessiones
578 2377 694 2445 audiui
698 2399 784 2464 ,per
804 2399 930 2445 annum
950 2376 1065 2446 literas
1084 2399 1225 2464 graecas
1244 2377 1326 2464 legi,
1347 2397 1410 2444 seu
1434 2377 1548 2464 potius

332 2486 471 2551 operam
487 2466 577 2548 dedi,
592 2478 627 2534 et
642 2467 820 2552 aliquoties
832 2467 1055 2535 concionatus
1067 2489 1158 2552 sum,
1172 2478 1207 2536 et
1219 2465 1326 2554 primo
1338 2465 1450 2534 medio
1461 2487 1553 2534 anno

333 2553 502 2622 Brixinae
520 2518 592 2642 [lV,
612 2557 740 2641 713bis]

379 2662 407 2709 1.
379 2643 652 2712 [Theodorus
665 2645 866 2746 [Peltunusl
883 2664 915 2710 2.
930 2645 1040 2713 Natus
1052 2667 1127 2713 sum
1140 2666 1247 2713 annos
1258 2665 1299 2730 34
1311 2652 1371 2712 aut
1384 2659 1439 2730 353
1451 2666 1552 2732 prae-

329 2731 399 2800 eise
414 2753 484 2798 non
500 2733 582 2800 sci0.
602 2753 634 2817 3.
653 2735 737 2804 Sum
753 2734 946 2816 leodiensis,
964 2756 1158 2822 germanus
1182 2737 1378 2821 peltanus..
1407 2752 1457 2800 12.
1480 2734 1552 2801 Co-

330 2819 443 2889 loniae
459 2844 479 2888 a
495 2823 579 2890 Rev.
600 2825 701 2891 Patre
717 2825 895 2892 Leonardo
914 2825 1034 2893 Kessel
1054 2824 1103 2890 tui
1124 2833 1281 2910 receptus
1301 2844 1391 2890 anno
1415 2837 1551 2910 1549

330 2930 399 2994 quo
415 2909 516 2978 etiam
533 2911 582 2978 fui
602 2913 826 2996 examinatus,
848 2934 965 2999 parum
988 2925 1102 2981 tamen
1122 2923 1250 2994 exacte;
1272 2913 1334 2980 sed
1349 2931 1438 2980 anno
1465 2927 1551 2996 1550

330 2999 483 3066 exactius
499 3001 668 3069 Romae...
692 3021 741 3084 14.
760 3003 844 3071 Sum
860 3003 1018 3070 sacerdos
1034 3013 1068 3069 et
1088 3013 1167 3070 ante
1182 3022 1288 3068 annos
1304 3001 1326 3067 6
1344 3003 1352 3036 ¹
1369 3011 1404 3068 et
1414 3021 1461 3068 eo
1476 3023 1553 3068 am·

330 3087 421 3174 plius
437 3089 480 3154 ad
495 3090 721 3158 sacerdotium
737 3101 949 3176 promotus...
969 3107 1019 3175 15.
1034 3091 1118 3158 Fui
1108 3114 1145 3158 m
1156 3090 1299 3177 collegio
1309 3111 1449 3158 romano
1460 3111 1553 3157 anno

331 3198 409 3243 cum
425 3176 603 3259 dimidio,
593 3202 629 3245 m
644 3179 859 3266 neapolitano
875 3192 1033 3265 quatuor,
1051 3180 1087 3246 in
1102 3178 1350 3266 ingolstadiano
1369 3197 1404 3261 4,
1424 3179 1461 3244 in
1476 3199 1554 3246 mo-

330 3265 506 3334 nachiensi
523 3286 542 3334 2
559 3278 594 3337 et
610 3269 793 3356 amplius..
817 3286 866 3352 17.
885 3269 976 3337 Noui
992 3271 1104 3338 colere
1120 3291 1189 3350 rus,
1211 3271 1360 3348 hortum,
1383 3285 1501 3354 parare
1516 3279 1554 3336 et

331 3355 471 3456 reficere
487 3378 587 3423 omne
603 3379 714 3444 genus
729 3360 932 3438 calceorum,
950 3370 985 3426 et
1001 3381 1119 3443 parare
1134 3358 1225 3426 coria
1243 3359 1287 3426 ad
1301 3360 1367 3425 hoc
1388 3377 1553 3425 necessa-

330 3443 392 3524 ria,
410 3455 557 3529 coquere
573 3457 607 3512 et
624 3447 686 3514 alia
703 3447 909 3516 huiusmodi.
929 3447 998 3536 [Sel
996 3447 1059 3537 ι]...
1080 3467 1107 3515 ι.
1127 3447 1288 3550 Quinque
1304 3457 1436 3514 tantum
1449 3445 1552 3514 annis

329 3495 445 3600 audiui
461 3533 625 3603 lectiones
641 3535 871 3639 philosophiae
891 3549 925 3605 et
946 3537 1117 3605 literarum
1138 3535 1329 3622 politiorum
1352 3535 1550 3621 priusquam

330 3622 535 3691 Societatem
552 3623 760 3711 ingrederer;
777 3625 905 3693 interea
921 3625 1084 3694 lectiones
1099 3626 1234 3728 quidem
1251 3642 1319 3692 non
1341 3624 1435 3691 licuit
1450 3624 1551 3691 audi·

330 3734 379 3793 re,
397 3711 531 3796 priuato
547 3724 660 3783 tamen
675 3715 788 3781 studio
805 3714 916 3799 aliqua
931 3738 991 3800 per
1006 3738 1060 3784 me
1076 3725 1145 3782 tam
1160 3715 1196 3781 in
1216 3712 1426 3801 philosophia
1445 3734 1550 3796 quam

329 3799 365 3865 in
383 3801 556 3888 theologia
571 3803 681 3889 legi...
699 3805 732 3870 6
756 3805 813 3871 An
841 3805 885 3869 ad
911 3803 1057 3907 aliquem
1077 3805 1220 3890 gradum
1249 3812 1425 3890 promotus
1445 3801 1551 3869 fuerit

331 3890 608 3958 baccalaureatus
623 3891 856 3960 licentiaturae
868 3893 1052 3980 magisterij
1070 3903 1128 3959 aut
1141 3894 1346 3959 doctoratus.
1361 3891 1419 3958 Ad
1430 3912 1551 3958 omnes

330 3977 414 4045 istos
441 3982 568 4064 gradus
595 3981 748 4068 promoui
776 3981 910 4068 publice
937 3993 971 4050 et
990 3981 1143 4070 legitime
1157 3993 1191 4049 et
1212 3980 1247 4048 in
1262 3979 1406 4068 publicis
1426 3980 1551 4050 acade-

330 4066 407 4153 mijs
430 4067 580 4156 [Magm]
604 4089 632 4137 1
651 4070 854 4156 Quindecim
871 4070 968 4138 annis
983 4083 1018 4138 et
1033 4071 1189 4158 amplius,
1205 4072 1272 4137 hoc
1292 4080 1355 4150 est,
1374 4079 1447 4136 toto
1463 4078 1552 4136 tem-

331 4179 424 4260 pore,
439 4178 507 4242 quo
516 4156 606 4224 suun
618 4159 800 4241 Societate
811 4159 933 4228 docui
924 4183 960 4226 m
971 4161 1095 4228 scholis
1107 4180 1288 4247 puerorum
1300 4168 1336 4227 et
1351 4158 1553 4226 adolescen-

331 4245 416 4311 tium
432 4246 565 4314 scholas
581 4259 716 4316 nostras
733 4249 1030 4335 frequentantium.
1050 4253 1198 4316 Tantnm
1213 4272 1233 4316 a
1254 4250 1341 4317 resto
1362 4249 1552 4316 Pentecos-

332 4345 383 4402 tes
398 4335 586 4420 praesentis
612 4337 691 4405 anni
717 4339 818 4406 docui
846 4339 1061 4442 theologiam.
1090 4339 1220 4406 Literas
1239 4335 1458 4405 humaniores
1472 4357 1556 4404 cum

331 4425 445 4491 fructu
467 4436 500 4494 et
529 4426 673 4496 utilitate
697 4428 814 4496 videor
829 4429 874 4496 mi
896 4450 996 4515 posse
1017 4430 1180 4496 docere...
1211 4442 1242 4512 5.
1269 4429 1394 4494 Totum
1416 4437 1557 4514 tempus

384 4622 393 4656 ¹
431 4619 497 4678 Non
509 4621 587 4680 ctare
600 4621 728 4682 discerni
741 4631 838 4698 potest
851 4641 888 4680 an
901 4639 919 4693 5
932 4625 979 4681 vel
993 4623 1011 4681 6
1023 4622 1164 4699 scriptum
1177 4622 1275 4680 fuerit.
