3666 5384
864 468 931 552 1'554
1437 491 1469 534 2¹

230 633 304 700 vbi
319 654 448 720 magna
466 635 476 668 ¹
493 653 572 700 cum
588 632 803 702 solemnitate
817 633 1047 720 publicaretur
1060 641 1158 700 actus
1171 631 1390 700 fundationis:
1407 652 1472 699 no-

233 759 319 818 ster
339 748 518 816 coadiutor
540 748 699 837 palliatus
714 749 868 818 consedit
894 748 930 815 in
957 748 1073 836 primis
1096 747 1278 834 subsellijs,
1296 769 1384 834 quae
1407 747 1472 815 fuit

235 875 351 952 grata
365 863 562 951 simplicitas
576 865 646 931 don
660 863 777 932 Ioanni
793 873 828 933 et
843 863 1054 952 primatibus

752 1015 902 1106 '1554

317 1211 461 1300 Egimus
489 1215 530 1280 Ρ.
553 1211 727 1280 Antonius
753 1222 789 1280 et
808 1233 875 1300 ego
891 1233 971 1279 cum
983 1211 1098 1292 Auila,
1117 1221 1233 1298 aperte
1248 1210 1385 1278 audisse
1405 1233 1471 1278 nos

235 1348 330 1396 eum
350 1327 503 1415 cogitare
523 1329 567 1397 de
586 1307 775 1398 Societate:
798 1327 883 1395 dixit
902 1349 940 1396 se
960 1326 1132 1414 cogitasse
1152 1325 1305 1413 quidem,
1326 1336 1363 1394 et
1387 1325 1472 1392 nihil

236 1441 314 1510 sibi
330 1441 439 1512 videri
453 1442 590 1524 dificile,
609 1441 675 1510 nisi
691 1443 783 1528 quod
797 1442 980 1530 negocium
994 1452 1030 1510 et
1045 1442 1196 1512 laborem
1209 1443 1390 1511 facesseret
1405 1443 1471 1512 So-

233 1557 376 1642 cietati,
389 1568 528 1646 propter
543 1557 619 1628 eius
639 1570 708 1626 tarn
729 1558 889 1626 afflictam
920 1557 1162 1628 valetudinem.
1191 1557 1471 1645 Significauimus

237 1694 320 1740 non
333 1674 405 1743 sore
419 1674 504 1740 illud
515 1674 651 1742 dificile:
666 1673 817 1743 intellexi
836 1674 842 1763 Ι
863 1673 968 1744 fuisse
980 1675 1023 1741 ad
1034 1695 1098 1741 nos
1110 1651 1306 1757 venturum,
1321 1673 1350 1740 si
1362 1673 1397 1740 id
1408 1694 1470 1740 cu·

239 1800 359 1857 rasset
374 1789 641 1857 Bustamantius.

316 1906 347 1972 F
347 1904 541 1975 amiliariter
555 1903 613 1994 egi
629 1926 708 1972 curn
723 1907 788 1972 hoc
803 1906 897 1973 bono
913 1907 1027 1974 Patre:
1045 1903 1217 1991 disputaui
1233 1903 1334 1974 etiam
1350 1903 1474 1973 acriter

241 2005 375 2088 contra
386 2020 580 2107 opinionem
601 2019 688 2102 Soti,
711 2022 804 2107 quod
819 2022 902 2088 ordo
922 2019 1144 2107 correptionis
1165 2019 1385 2107 euangelicae
1403 2041 1473 2086 non

240 2147 343 2205 esset
368 2137 560 2204 seruandus
580 2135 616 2202 in
636 2135 778 2206 crimine
798 2138 992 2206 haereseos:
1010 2145 1219 2222 conquestus
1238 2144 1292 2204 est
1310 2135 1402 2222 apud
1418 2157 1473 2203 me

242 2251 345 2336 quod
372 2273 442 2318 non
467 2250 709 2338 reciperemus,
740 2251 799 2338 qui
825 2253 958 2319 ducunt
978 2273 999 2318 a
1019 2249 1150 2319 iudaeis
1170 2249 1350 2338 originem;
1379 2272 1418 2319 se
1438 2249 1472 2315 id

239 2365 338 2435 scire
356 2367 401 2433 de
419 2366 569 2434 Araozio
589 2376 625 2435 et
644 2367 789 2436 Mirone.
813 2367 985 2454 Respondi
1005 2366 1052 2432 ita
1073 2387 1143 2432 non
1158 2387 1246 2448 esse:
1269 2367 1330 2436 sed
1345 2367 1471 2436 habere

239 2503 314 2549 nos
333 2483 505 2552 delectum
531 2482 567 2548 in
594 2481 660 2550 illis
687 2481 900 2570 recipiendis.
931 2485 1049 2568 Quum
1071 2484 1137 2551 hoc
1164 2482 1412 2563 confirmarem,
1435 2493 1471 2551 et

238 2597 423 2684 videretur
439 2607 553 2667 tamen
580 2620 649 2665 non
664 2597 807 2679 moueri,
825 2597 894 2664 dixi
910 2597 1016 2666 libere
1036 2619 1136 2685 posse
1156 2619 1228 2668 rem
1251 2599 1418 2666 affirmare
1432 2608 1471 2663 vt

240 2723 334 2782 erat:
353 2715 466 2780 facere
481 2724 518 2779 vt
533 2712 590 2783 ille
605 2713 770 2798 crederet,
787 2713 888 2782 idme
903 2736 974 2782 non
988 2735 1101 2801 posse3
1119 2712 1245 2800 alioqui
1256 2714 1312 2780 13
1327 2713 1469 2799 siquem

241 2829 391 2899 haberet
406 2829 568 2897 idoneum
583 2853 626 2899 ex
641 2829 699 2897 illo
713 2850 853 2918 genere,
867 2829 963 2896 illum
975 2831 1124 2898 offerret:
1138 2840 1470 2916 repraesentaturum

244 2966 305 3012 me
332 2966 387 3028 re,
416 2945 508 3030 quod
533 2944 647 3013 verbis
672 2946 902 3014 affirmassem.
925 2945 1107 3032 Proposuit
1131 2945 1334 3014 Santander:
1357 2943 1470 3030 recepi

243 3059 358 3142 illum,
376 3070 412 3130 et
426 3059 508 3127 duxi
523 3081 658 3128 mecum
674 3062 905 3147 Complutum.

317 3175 384 3244 Hic
399 3175 551 3246 intellexi
567 3198 610 3244 ex
625 3176 732 3245 literis
747 3179 860 3245 Araoz
876 3187 911 3245 et
923 3179 962 3244 P.
974 3179 1002 3243 F
1004 3176 1147 3243 rancisci
1159 3177 1272 3245 delata
1283 3197 1360 3245 esse
1370 3197 1470 3244 exer-

241 3289 329 3359 citia
344 3292 434 3379 apud
450 3290 680 3378 inquisitores.
699 3291 828 3378 Scripsi
844 3293 888 3358 ad
903 3294 1017 3359 Araoz
1033 3312 1145 3360 acrem
1160 3290 1350 3378 epistolam,
1368 3311 1470 3375 quam

243 3416 363 3495 posset
378 3407 540 3477 exhibere
555 3408 749 3496 legendam,
768 3407 893 3493 quibus
914 3409 1029 3476 vellet.
1049 3409 1108 3474 Illa
1123 3406 1266 3494 epistola
1281 3406 1315 3472 id
1330 3406 1467 3493 agebat,

243 3545 311 3590 nos
326 3521 489 3592 exercitia
503 3545 579 3592 esse
594 3524 808 3605 defensuros,
826 3545 895 3591 non
911 3523 977 3591 iam
992 3534 1031 3589 vt
1046 3533 1175 3604 nostra,
1192 3523 1254 3590 sed
1269 3531 1307 3587 vt
1323 3544 1343 3589 a
1362 3519 1369 3609 Ι
1388 3522 1471 3589 sede

242 3637 436 3726 apostolica
450 3640 660 3707 confirmata.

316 3753 525 3821 Renuntiaui
540 3756 581 3821 Ρ.
599 3755 789 3822 Antonium
804 3764 969 3822 rectorem
985 3752 1132 3840 collegij:
1150 3754 1242 3839 quod
1254 3774 1360 3839 quum
1371 3751 1470 3819 audi-

245 3889 321 3938 rem
337 3889 442 3956 aegre
458 3868 546 3938 ferre
561 3868 686 3936 bonam
701 3869 991 3952 marchionissam,
1009 3868 1170 3955 respondi
1182 3869 1225 3936 ad
1237 3867 1469 3954 probationem

242 4005 325 4054 esse
362 3982 581 4072 designatum
612 3985 653 4052 P.
687 3983 877 4054 Antonium
907 3993 1073 4052 rectorem
1104 3985 1115 4018 ¹
1144 4006 1187 4053 ex
1222 3981 1471 4050 consuetudine

244 4101 285 4167 P.
303 4098 439 4186 Ignatij.
459 4099 705 4167 Marchionissa
719 4099 861 4168 iuuabat
877 4121 947 4167 non
961 4098 1177 4168 mediocriter
1192 4097 1386 4186 collegium:
1405 4117 1471 4164 nec

241 4224 362 4282 tamen
376 4213 570 4302 patiebatur
584 4236 622 4282 se
636 4236 700 4301 pro
714 4215 944 4284 benefactrice
959 4213 1137 4282 nominari.
1156 4211 1287 4282 Concio
1304 4211 1469 4280 Bemardi

242 4352 290 4398 ex
305 4340 472 4418 tempore,
488 4340 554 4398 etc.
575 4329 737 4400 Visitaui:
757 4341 839 4399 vota
854 4341 1030 4398 renouata.

314 4445 368 4514 Μ
393 4445 473 4528 Hic,
487 4445 522 4512 in
543 4445 703 4516 cubiculo
718 4447 858 4514 suffulto
873 4445 995 4514 storeis
1010 4443 1202 4514 stramineis
1224 4444 1268 4511 ad
1289 4442 1465 4532 parietem,

305 4610 315 4643 ¹
351 4607 407 4662 ltu.
421 4625 580 4681 magnam.

304 4697 316 4731 ¹
351 4696 421 4768 lis,
433 4701 543 4752 rector.
