3504 5386
641 519 674 576 27
695 507 893 565 summus
914 507 983 577 15⁶4
1228 535 1233 546 ·
1367 520 1423 578 519

116 638 120 644 ¹
188 661 275 728 locis
293 683 362 728 non
374 659 649 746 permittendum.
669 661 786 745 Quum
802 661 904 746 paulo
919 671 996 746 post
1011 661 1054 726 ad
1066 670 1226 748 papatum
1239 680 1298 728 eos
1309 660 1423 728 dedu-

191 798 319 858 cerem,
338 772 496 862 peruenit
510 777 577 841 hoc
592 786 728 860 quoque
744 776 787 841 ad
803 797 903 844 aures
919 775 1145 844 sacerdotum:
1164 786 1333 844 conantur
1354 775 1422 842 im-

190 891 320 977 pedire3
339 900 374 956 at
390 890 471 955 dum
489 889 580 956 aliud
596 911 664 956 non
681 900 734 956 est
750 911 864 976 super,
883 890 926 956 ad
942 889 1324 958 excommunicationem
1335 909 1418 956 con-

191 1004 333 1093 fugiunt
348 1017 383 1074 et
399 1004 591 1085 maledicta,
609 1016 643 1072 et
659 1026 720 1092 pro
735 1005 900 1072 concione
915 1006 1082 1072 exclamat
1098 1005 1234 1091 quidam
1251 1004 1364 1071 mirari
1384 1027 1425 1072 se

191 1119 456 1188 inconstantiam
470 1119 601 1204 ouium,
619 1121 725 1205 qu'od,
743 1131 921 1207 postquam
940 1141 980 1204 33
997 1142 1116 1202 annos,
1132 1141 1250 1206 parum
1264 1119 1326 1188 Dei
1342 1142 1422 1189 uer-

193 1239 276 1302 bum
298 1234 508 1316 audiuerint,
532 1248 600 1302 tam
622 1235 690 1302 cito
710 1239 753 1302 ad
773 1238 929 1323 luporum
951 1235 1122 1302 stabulum
1144 1235 1316 1302 turmatim
1330 1258 1421 1302 ¹con-

189 1353 309 1432 fluere3
325 1363 360 1418 et
375 1350 481 1442 addit:
502 1353 648 1417 «Notum
665 1351 709 1416 sit
724 1351 893 1418 omnibus:
913 1373 988 1431 noe,
1002 1371 1080 1416 cum
1094 1350 1268 1432 redierint,
1283 1351 1424 1436 reliquis

189 1463 316 1532 ouibus
332 1485 401 1530 non
419 1465 627 1552 iungendos:
646 1488 751 1553 agere
766 1465 841 1534 illos
862 1478 979 1533 contra
999 1466 1113 1546 fidem,
1135 1465 1365 1553 euangelium;
1384 1478 1419 1534 et

189 1579 381 1659 sodomitis,
397 1581 489 1646 salsis
504 1581 688 1670 prophetie,
708 1580 818 1668 magis
834 1581 1018 1650 adhaerere
1030 1603 1131 1665 quam
1144 1581 1370 1666 pastoribus»;
1384 1591 1420 1648 et

189 1697 299 1762 multa
319 1695 385 1762 alia
405 1698 622 1782 congerebat.
646 1697 737 1764 Hinc
758 1698 903 1783 populus
924 1695 1062 1764 territus
1079 1695 1195 1765 uenire
1211 1695 1355 1783 amplius
1376 1696 1420 1762 ti-

190 1810 289 1878 muit.
311 1811 399 1897 Ego,
423 1812 620 1878 conuocatis
644 1812 819 1894 omnibus,
841 1811 972 1879 institui
995 1832 1149 1878 monere:
1175 1811 1319 1879 ueniunt
1333 1833 1421 1896 qua-

192 1939 284 1993 tuor:
304 1925 359 1992 alii
376 1926 582 2013 colloquium
600 1927 776 2008 timebant,
799 1947 863 1994 nec
882 1926 1067 1995 conuenire
1087 1925 1152 1994 nisi
1173 1925 1295 2012 raptim
1310 1926 1420 1993 licuit:

189 2041 354 2128 proposui
371 2043 414 2108 de
430 2041 610 2121 caelibatu,
629 2042 747 2108 ordine
763 2053 797 2111 et
813 2042 887 2110 aliis
903 2041 1053 2109 articulis
1065 2040 1420 2126 controuersis,prae-

190 2157 348 2225 sentibus
364 2154 476 2223 iudice
491 2166 526 2222 et
542 2155 627 2223 aliis:
646 2167 812 2224 certatum
828 2167 891 2225 est:
911 2157 1007 2224 adest
1023 2155 1191 2242 scriptura
1207 2177 1367 2242 pugnans
1388 2167 1427 2224 et

190 2292 334 2357 urgens:
353 2269 521 2356 aspiciunt
537 2271 697 2340 inuicem:
718 2272 821 2340 trahit
836 2274 922 2341 alter
937 2274 1092 2351 alterum,
1111 2269 1140 2337 si
1157 2271 1243 2336 forte
1255 2270 1337 2355 quid
1351 2291 1421 2340 nou

190 2386 376 2454 dicendum
393 2370 530 2452 excidit.
549 2388 660 2467 VnuS,
679 2407 722 2453 ne
737 2387 772 2453 in
788 2388 958 2472 loquendo
974 2397 1076 2465 erret,
1094 2386 1232 2452 omnino
1250 2396 1353 2467 tacet:
1373 2387 1423 2453 al-

192 2513 245 2568 ter
261 2521 337 2567 raro
353 2501 519 2584 loquitur:
538 2521 616 2567 cum
632 2501 706 2569 aliis
721 2501 930 2588 disputatur,
953 2501 1026 2570 sine
1047 2500 1236 2570 maledictis
1257 2511 1372 2569 tamen
1388 2511 1427 2568 et

192 2615 276 2682 satis
297 2617 467 2684 modeste:
491 2616 615 2683 adsunt
634 2627 747 2703 patres
769 2628 804 2683 et
827 2616 972 2684 maxime
992 2615 1149 2702 discipuli
1172 2615 1422 2701 apostolorum.

193 2731 405 2816 Scripturam
430 2733 639 2813 concedunt;
662 2734 723 2800 sed
743 2744 856 2801 tamen
879 2733 1083 2819 respondent
1104 2753 1230 2798 senon
1251 2729 1424 2815 accepisse

193 2845 340 2934 gratiam
356 2846 412 2913 vel
427 2845 604 2927 castitatis,
622 2848 677 2913 vel
697 2849 740 2914 ad
757 2847 837 2914 alia:
859 2859 973 2934 patres
993 2846 1112 2913 dicunt
1133 2845 1289 2914 homines
1306 2845 1426 2928 luisse,

195 2961 243 3029 ac'
256 2983 389 3030 errasse
410 2962 572 3047 potuisse:
596 2964 639 3030 ad
659 2965 754 3049 quod
780 2962 863 3030 satis
890 2985 1089 3050 responsum
1112 2961 1176 3028 fuit
1197 2961 1299 3028 unico
1320 2982 1426 3048 argu·
1464 2955 1467 2965 '

193 3088 322 3159 mento;
341 3100 419 3144 nam
436 3090 573 3145 sanctos
588 3081 801 3160 asserebant,
821 3091 855 3146 et
870 3101 929 3146 eos
945 3079 1002 3164 qui
1020 3077 1184 3165 primitias
1205 3077 1344 3164 spiritus
1365 3097 1426 3142 ac-

194 3204 372 3278 ceperunt:
388 3194 558 3277 quomodo
574 3215 658 3281 ergo
675 3195 709 3262 in
727 3195 828 3262 rebus
844 3195 923 3262 fidei
939 3205 1107 3275 errarunt,
1122 3204 1157 3262 et
1168 3204 1353 3278 sequentes
1365 3213 1424 3258 eo-

194 3331 271 3374 rurn
288 3307 476 3374 doctrinam
494 3309 527 3374 in
544 3331 692 3377 errorem
703 3311 935 3378 deduxerunt?
948 3307 1130 3394 Quomodo
1141 3329 1260 3376 omnes
1274 3306 1425 3372 unanimi

194 3445 365 3492 consensu
382 3424 471 3490 idem
487 3425 694 3492 docuerunt?
709 3424 876 3492 Dicebant
889 3424 1029 3509 aliquid,
1044 3447 1088 3492 ne
1100 3436 1213 3491 tacere
1226 3422 1426 3490 uiderentur

195 3539 291 3607 uicti:
308 3551 421 3606 tamen
439 3542 559 3609 abesse
575 3562 677 3625 quam
694 3543 812 3609 adesse
828 3539 1038 3608 maluissent.
1057 3539 1243 3608 Dicebatur
1259 3537 1359 3603 nobis
1370 3536 1423 3601 in-

195 3654 299 3722 sidias
311 3665 446 3741 paratas
459 3666 496 3722 ut
513 3655 712 3724 uerberibus
729 3657 950 3723 afficeremur.
971 3655 1126 3722 Vidimus
1143 3655 1273 3732 turbas:
1293 3651 1353 3717 sed
1366 3671 1428 3736 per

195 3769 347 3839 medium
361 3772 568 3838 transeundo
581 3793 660 3851 una,
675 3771 758 3838 nihil
770 3771 898 3837 dictum
911 3780 965 3837 est
976 3770 1086 3836 nobie.
1102 3772 1310 3836 Monuerunt
1323 3766 1425 3834 etiam

195 3885 346 3972 supremi
370 3887 522 3952 locorum
543 3896 583 3952 ut
605 3907 670 3953 nos
690 3885 939 3952 custodiremus
960 3906 978 3951 a
1001 3886 1126 3971 uulgo;
1151 3885 1212 3949 sed
1233 3879 1316 3947 nihil
1340 3901 1433 3961 conff

197 4000 297 4068 trarii·
307 4001 397 4087 passi
413 4022 542 4068 sumus.

265 4135 296 4183 2.
347 4117 517 4184 Volebant
541 4139 596 4185 me
616 4139 731 4185 creare
753 4116 949 4203 episcopum
970 4115 1005 4181 in
1025 4113 1091 4182 illis
1108 4112 1208 4192 lociS,
1234 4111 1263 4177 si
1285 4131 1426 4177 uxorem

197 4234 324 4299 ducere
336 4232 474 4316 uellem:
491 4254 570 4299 nam
586 4231 697 4300 mirati
713 4243 807 4316 sunt,
822 4215 958 4317 quando
971 4240 1091 4297 exacte
1102 4230 1146 4296 ad
1158 4227 1271 4294 omnia
1283 4246 1426 4311 respon-

197 4369 275 4414 sum
292 4347 502 4433 acciperent,
524 4346 704 4434 indignum
726 4369 801 4416 esse
822 4359 890 4414 tam
910 4349 1049 4414 doctum
1066 4342 1237 4411 hominem
1260 4341 1295 4407 in
1310 4359 1427 4407 errore

198 4483 409 4548 permanere.

249 4630 252 4636 .
267 4597 298 4661 3.
348 4578 494 4659 Interea,
512 4579 594 4645 dum
610 4582 695 4646 haec
711 4591 879 4666 aguntur,
898 4577 1041 4646 ueniunt
1056 4575 1189 4643 litterae
1209 4571 1318 4653 Rmi.,
1337 4589 1428 4654 quae

198 4713 262 4759 nos
278 4690 390 4761 redire
406 4693 538 4776 iubent,
557 4694 592 4761 in
612 4693 736 4780 quibus
756 4706 791 4763 et
806 4694 890 4760 illud
910 4692 1148 4761 continebatur
1163 4685 1347 4774 euangelii:
1368 4682 1428 4753 «Si
