3544 5390
718 459 884 532 Arqaumx
1000 431 1002 438 Ι
1358 459 1408 532 581
1518 530 1526 548 ,

256 611 424 679 Robertus
442 613 671 700 Clayssonius.
689 609 823 702 [Solam]
845 635 872 683 1.
893 617 949 683 Ab
972 639 1063 683 anno
1084 612 1205 684 aetatis
1224 623 1348 684 octauo
1368 617 1411 684 ad

184 721 318 768 annum
333 723 442 787 vsque
458 723 513 787 33,
531 725 633 788 quem
649 723 742 769 nunc
754 725 914 790 egressus
926 717 990 786 est,
1005 705 1070 772 nis1
1061 705 1203 772 morbo
1215 704 1408 792 impeditus

184 809 325 877 semper
339 789 513 858 literarum
533 791 647 859 studio
667 804 853 895 occupatus
875 793 950 875 fuit,
972 805 1032 861 aut
1052 795 1157 866 sacris
1177 794 1409 862 functionibus

185 901 330 965 operam
345 879 522 967 impendit.
541 881 692 948 Primum
705 880 841 966 quidem
853 893 929 968 post
941 883 1196 970 grammaticen,
1211 897 1283 950 tum
1295 896 1409 950 orato-

185 968 273 1051 riae,
303 979 376 1034 tum
404 969 556 1056 poeticae
583 969 735 1038 facultati
762 971 947 1052 insudauit,
972 973 1064 1038 haud
1085 973 1243 1060 neglecta
1269 973 1408 1059 linguae

185 1077 337 1145 graecae
352 1058 557 1160 cognitione
576 1059 665 1127 Dein
681 1060 723 1126 ad
742 1059 973 1148 philosophiae
993 1061 1142 1135 studium
1166 1083 1203 1128 se
1224 1062 1406 1145 transtulit;

184 1168 267 1214 mox
296 1147 374 1213 ad
365 1147 448 1214 ruris
475 1147 585 1215 ciuilis
611 1149 761 1215 studium
788 1149 994 1233 conuolavit;
1017 1152 1089 1231 sed,
1107 1152 1148 1217 ad
1166 1171 1279 1217 sacras
1293 1150 1408 1219 literas

180 1258 357 1322 propenso
369 1239 493 1306 affectu
505 1234 667 1306 adhelans
677 1237 763 1326 [stc]
774 1240 817 1305 ad
827 1259 943 1306 sacrae
953 1239 1144 1325 theologiae
1154 1239 1303 1308 studium
1315 1250 1408 1307 tran-

181 1324 280 1406 siliit;
300 1336 403 1410 atque
423 1326 465 1392 ad
485 1325 624 1413 linguae
640 1327 818 1394 hebraicae
838 1327 1043 1396 hauriendos
1067 1329 1178 1397 fontes
1198 1329 1403 1414 properauit.

179 1377 331 1501 Itaqrie
321 1437 357 1480 ιιι
372 1415 477 1482 sacris
492 1415 666 1483 literarum
680 1416 873 1483 diuinarum
890 1417 1010 1484 studiis
1026 1417 1240 1504 praecipuam
1256 1428 1291 1485 et
1312 1428 1406 1484 aeta-

181 1513 254 1570 tem
271 1513 308 1572 et
323 1523 459 1590 operam
475 1504 653 1571 collocauit
669 1529 690 1574 a
709 1505 913 1574 Societatis
904 1527 1072 1593 ingressu.
1100 1526 1132 1574 2.
1162 1506 1324 1574 Incolumi
1345 1509 1407 1574 ad-

180 1585 326 1659 modurn
343 1603 378 1660 et
398 1593 533 1680 integro
553 1615 693 1680 corpore
712 1593 747 1660 in
768 1593 874 1663 literis
894 1605 1002 1662 totam
1022 1595 1283 1662 adolescentiam
1303 1606 1406 1680 atque

174 1681 402 1768 juuentutem
422 1682 593 1768 expendit:
616 1693 650 1750 at
672 1703 764 1749 nunc
791 1705 892 1770 supra
918 1683 1090 1752 biennium
1120 1705 1253 1752 menses
1276 1685 1406 1771 aliquot

180 1772 342 1858 languet,
371 1771 544 1838 laboribus
570 1794 674 1859 prope
702 1775 899 1874 exhaustus
927 1794 958 1857 3.
983 1773 1020 1841 Si
1043 1775 1203 1840 valetudo
1218 1783 1402 1860 pateretur,

181 1870 283 1927 totus
298 1859 471 1926 literarum
492 1861 613 1946 studijs
633 1861 752 1943 inhiat,
773 1862 919 1931 maxime
938 1883 1020 1930 vero
1039 1883 1211 1929 sacrarum
1231 1861 1403 1930 literarum

180 1948 451 2052 linguarumque
473 1952 569 2017 ardet
594 1950 773 2020 desiderio.
796 1970 825 2034 4.
847 1951 944 2020 Licet
963 1952 1006 2017 ad
1027 1951 1165 2038 quasuis
1185 1950 1343 2019 scientias
1363 1973 1404 2018 ac

179 2037 381 2124 disciplinas
397 2049 513 2124 aptum
533 2061 570 2106 se
589 2039 728 2120 iudicet,
753 2038 897 2107 maxime
924 2051 1038 2108 tamen
1065 2041 1108 2106 ad
1134 2039 1267 2107 diuinas
1289 2039 1403 2108 literas

179 2127 451 2214 linguarumque
466 2128 617 2195 studium
637 2128 778 2216 rapitur,
801 2129 940 2231 ingenio
960 2129 1189 2213 memoriaque
1208 2129 1300 2194 haud
1320 2151 1403 2215 poe-

178 2215 335 2284 nitendis
351 2216 535 2301 praeditus,
555 2233 586 2302 5.
607 2197 732 2286 Certe
723 2241 759 2284 m
771 2218 875 2290 sacris
886 2217 991 2285 literis
1002 2219 1194 2304 profectum
1206 2216 1402 2320 ampliorem

177 2303 307 2373 fecisse
322 2305 385 2371 sibi
401 2305 547 2387 videtur,
571 2328 681 2392 eoque
700 2307 922 2409 promouisse,
944 2320 981 2373 vt
1002 2309 1045 2374 ad
1063 2305 1159 2374 verbi
1179 2305 1401 2374 ministerium

175 2403 286 2480 atque
307 2395 500 2482 theologiae
522 2394 698 2481 vtriusque
725 2395 1001 2482 professionem
993 2419 1028 2462 ιιι
1054 2406 1199 2480 utraque
1227 2393 1401 2466 functione
1524 2417 1530 2432 ·

175 2485 349 2552 hactenus
376 2496 563 2570 occupatus
588 2486 702 2571 plures
729 2507 848 2565 annm,
877 2486 965 2553 duce
992 2484 1055 2552 Dei
1079 2484 1190 2571 gratia
1211 2505 1252 2551 ac
1275 2483 1400 2555 comite

176 2572 377 2639 valetudine
393 2574 528 2660 aspiret.
548 2576 578 2641 6.
596 2575 651 2641 Ad
671 2574 793 2640 artium
813 2575 1019 2642 doctbralem
1040 2575 1189 2640 lauream
1210 2584 1396 2660 promotae,

176 2662 314 2729 nullum
342 2661 535 2749 theologiae
565 2665 623 2730 adt
655 2663 793 2730 alterius
823 2663 993 2730 facultatis
1022 2666 1168 2750 gradum
1190 2663 1395 2730 conscendit.

177 2769 213 2834 7.
235 2751 279 2817 Et
293 2750 329 2817 in
340 2751 461 2818 studiis
473 2764 506 2819 et
519 2753 553 2818 in
565 2751 686 2819 ceteris
700 2751 913 2821 obedientiae
925 2752 1112 2839 praeceptis
1124 2774 1162 2822 se
1174 2761 1282 2818 totum
1295 2751 1399 2819 indif-

178 2841 347 2907 ferentem
364 2839 525 2908 Societati
541 2841 700 2926 resignat.
719 2844 751 2906 8.
770 2841 948 2909 Constanti
964 2841 1077 2908 animo
1088 2863 1129 2908 ac
1144 2851 1255 2907 macte
1271 2840 1399 2911 virtute

175 2928 215 2994 in
233 2928 440 3014 quibuslibet
459 2929 580 2998 studiis
600 2929 813 2999 obedientiae
835 2930 1034 2998 auctoritate
1055 2929 1215 2997 iniunctis
1236 2949 1397 3016 perseue-
1421 3011 1424 3018 ¹

174 3029 333 3084 raturum
349 3039 398 3102 se,
417 3021 491 3086 Deo
507 3021 655 3102 fauente,
673 3019 861 3104 pollicetur,
880 3019 1084 3105 cuicumque
1098 3019 1212 3087 studio
1232 3039 1310 3088 eum
1331 3020 1397 3088 So-

174 3106 285 3172 cietas
311 3107 488 3176 addixerit.
518 3131 550 3197 9.
581 3108 837 3176 Paratissimum
865 3131 902 3176 se
928 3111 1027 3177 offert
1054 3109 1097 3174 ad
1124 3130 1225 3176 omne
1251 3108 1395 3175 docendi

172 3217 315 3276 munus
340 3195 414 3267 siue
439 3197 689 3284 grammatices,
718 3198 791 3265 siue
817 3197 1062 3284 philosophiae,
1091 3196 1166 3264 siue
1189 3197 1393 3299 theologiae,

171 3285 279 3369 idque
294 3286 457 3372 quamdiu
473 3307 589 3354 sacrae
604 3286 768 3374 placuerit
785 3286 1009 3368 obedientiae,
1032 3297 1193 3370 certaque
1213 3284 1338 3354 fiducia
1358 3309 1396 3355 se

172 3375 301 3440 fretum
327 3375 517 3461 profitetur,
550 3398 618 3478 qua
648 3375 784 3444 diuinae
810 3375 1044 3479 prouidentiae
1075 3375 1213 3442 arbitrio
1244 3375 1394 3442 seniores

171 3463 436 3549 superioresque
455 3464 491 3532 in
517 3465 588 3533 suis
615 3465 760 3533 decretis
787 3465 872 3552 regi,
901 3465 1070 3532 tutissimo
1091 3467 1186 3531 velut
1207 3463 1390 3566 praesidio,

171 3551 295 3619 credit.
299 3554 513 3628 ,-Robertus
539 3554 773 3638 ClavssoniuS,
802 3553 995 3651 brugensiS,
1026 3552 1239 3622 tornacensis
1257 3552 1392 3640 collegii

171 3642 347 3709 alumnus.
366 3639 437 3730 [1V,
457 3645 537 3728 585-
523 3645 632 3732 596]
1403 3699 1405 3706 .

249 3732 491 3799 nltobema
519 3734 690 3800 Girulius.
725 3751 757 3800 2;
790 3732 913 3801 Sum
905 3754 939 3798 m
967 3731 1135 3819 uigesimo
1163 3741 1260 3799 sexto
1288 3753 1389 3798 anno,

174 3839 208 3904 3.
228 3821 361 3902 GalluS,
379 3823 519 3905 flander,
537 3821 756 3891 leodiensism
780 3841 828 3889 12.
845 3821 1006 3908 Quinque
1022 3843 1164 3891 annosa
1186 3824 1286 3888 Patre
1303 3813 1391 3888 Leo-

173 3909 309 3976 nardo
299 3933 333 3975 m
350 3913 378 3978 F
379 3910 551 3994 landna,
542 3935 577 3979 m
597 3911 741 4014 collegio
759 3911 955 3978 coloniensi:
974 3931 1043 3978 non
1059 3910 1108 3977 fui
1127 3921 1199 3976 tum
1218 3909 1391 3976 examina-

171 4009 273 4065 tus...
294 4017 343 4082 14.
359 4002 481 4068 Habeo
492 4011 637 4087 quatuor
648 4022 806 4068 mmores
827 4020 839 4067 1
845 4017 876 4084 5
879 4003 929 4067 Ιιι
939 3999 1121 4068 coloniensi
1128 3997 1390 4088 ,ingolstadien-

168 4087 213 4172 si,
231 4098 266 4154 et
282 4088 373 4155 istud
389 4101 442 4156 est
457 4089 635 4156 tertium
657 4092 726 4176 [lV,
745 4091 822 4173 581,
842 4091 916 4176 582]

244 4178 494 4247 LLlamome
509 4181 626 4265 Reque
647 4181 741 4247 Rois
767 4198 798 4246 2.
819 4181 940 4265 Tengo
955 4179 1172 4264 uentiquatro
1187 4187 1282 4258 afros
1304 4197 1390 4264 poco

167 4196 275 4332 masl'
259 4289 280 4332 0
296 4289 425 4336 menos,
446 4288 477 4353 3.
497 4271 581 4335 Naci
598 4293 642 4338 en
657 4271 689 4338 el
710 4267 929 4354 arcobispado
949 4270 993 4337 de
1014 4271 1154 4348 Toled0,
1173 4289 1216 4336 en
1231 4289 1299 4333 vna
1320 4266 1390 4332 uila

171 4376 242 4441 que
258 4375 296 4422 se
311 4357 398 4424 lama
417 4359 450 4426 la
470 4359 633 4446 Calqada:
656 4358 779 4426 crieme
799 4380 842 4426 en
863 4358 1038 4428 Gandi'a...
1065 4379 1116 4443 14.
1138 4358 1340 4428 Recebiome
1358 4360 1391 4425 el
1415 4385 1418 4391 ·

225 4572 233 4604 ¹
272 4570 401 4626 Examen
414 4587 567 4630 commune
581 4573 735 4630 Claissonii
748 4574 941 4631 desideratur.

223 4643 235 4679 ’
273 4641 392 4700 Scilicet
405 4661 559 4719 pragense.
573 4646 648 4704 Vide
662 4663 758 4722 supra,
773 4663 838 4722 pag.
856 4647 916 4722 186,
930 4657 1029 4706 annot.
1043 4661 1070 4722 5.
