3666 5384
385 445 440 488 nv
728 429 920 488 Pnooslnmt
938 439 1075 486 saeuum
1093 440 1263 486 voruunus

383 583 496 653 censis
512 582 652 670 negotia
668 581 781 650 Natali
797 603 817 649 a
833 581 959 649 Lainez
974 580 1254 649 commendantur
1266 579 1319 667 (15
1338 580 1448 667 Aug,
1465 581 1606 670 70ct.).

382 702 436 768 De
457 698 609 768 Oliverio
627 701 800 778 Manare0‚
825 699 927 778 Paez,
957 695 1121 777 Mariana,
1145 698 1314 778 Pontan0,
1332 697 1462 785 Jacobo
1482 698 1605 786 Schip-

382 837 461 882 man
481 815 525 881 ad
544 812 749 884 Germaniae
770 813 825 882 vel
844 812 978 881 Galliae
992 810 1186 898 provincias
1200 811 1411 879 destinandis
1432 813 1464 899 (3
1480 814 1602 900 Sept).

381 929 604 999 Colonienses
619 929 655 994 in
670 927 822 996 adversis
838 929 941 996 rebus
957 926 1102 995 aNatali
1115 927 1334 994 consolantur
1347 930 1378 1014 (7
1392 929 1499 1015 Oct).
1514 930 1604 997 Cum

381 1046 541 1133 episcopo
560 1043 788 1130 herbipolensi
808 1044 851 1110 de
872 1042 1018 1130 collegio
1039 1041 1219 1112 Societatis
1241 1042 1406 1130 erigendo
1425 1065 1537 1113 sermo
1552 1056 1606 1114 est

381 1163 413 1246 (7
430 1164 526 1242 Oct,
554 1179 567 1228 1
591 1159 706 1244 Nov.).
737 1159 934 1229 Sententias
951 1159 1189 1244 theologorum
1210 1157 1393 1227 Societatis
1412 1160 1606 1247 expostulat

380 1278 563 1364 imperator
579 1276 623 1342 de
638 1275 880 1342 communione
900 1275 964 1342 sub
986 1285 1131 1360 utraque
1157 1273 1271 1360 specie
1295 1276 1323 1360 (1
1355 1275 1470 1362 Nov.).
1491 1275 1606 1342 Patris

381 1391 554 1461 Victoriae
581 1412 601 1457 a
627 1394 667 1458 B.
693 1390 833 1458 Canisio
859 1388 1026 1456 aversioni
1054 1388 1156 1456 animi
1183 1398 1219 1455 et
1244 1389 1451 1458 diffidentiae
1478 1391 1606 1458 mederi

380 1517 548 1574 conantur
577 1509 647 1574 ΡΡ.
677 1505 803 1574 Lainez
823 1516 857 1571 et
885 1505 995 1572 Nadal
1022 1504 1075 1591 (18
1112 1505 1207 1584 Oct,
1236 1505 1386 1592 1N0v.).
1415 1505 1606 1593 Episcopus

380 1619 647 1710 osnabrugensis
678 1643 774 1688 suam
798 1641 881 1706 erga
902 1620 1107 1690 Societatem
1123 1619 1397 1690 benevolentiam
1429 1622 1608 1708 profitetur

381 1739 435 1824 (27
460 1737 581 1823 Aug.).
609 1735 815 1804 Catechismi
844 1734 1028 1803 Monhemii
1055 1756 1200 1804 censura
1226 1735 1415 1803 illustratur
1438 1738 1470 1824 (6
1486 1736 1601 1824 Nov.).

379 1851 584 1921 Germaniae
599 1850 782 1938 superioris
805 1850 840 1917 in
863 1851 950 1918 duas
965 1849 1165 1918 divisionem
1186 1850 1280 1918 Patri
1300 1850 1426 1921 Lainez
1446 1851 1605 1938 proponit

379 1967 489 2034 Nadal
505 1967 559 2054 (14
575 1967 690 2052 Nov.).
710 1965 926 2033 Monacensis
941 1965 1074 2047 civitas,
1092 1964 1215 2034 infesta
1230 1967 1287 2032 lue
1298 1966 1439 2050 afflicta,
1453 1967 1602 2033 divinam

377 2103 477 2169 opem
488 2081 660 2169 implorat,
674 2091 709 2148 et
722 2081 841 2148 melius
853 2082 979 2150 habere
989 2079 1120 2167 incipit:
1134 2102 1294 2168 prospera
1304 2084 1348 2151 de
1360 2082 1505 2170 collegio
1517 2083 1602 2150 scri-

378 2198 429 2264 bit
445 2195 629 2285 Menginu's
646 2197 678 2284 (9
694 2197 803 2282 Dec).
824 2195 971 2283 Borgiae
987 2198 1090 2263 Pater
1106 2196 1237 2264 Natalis
1249 2217 1349 2264 suum
1362 2219 1446 2286 erga
1457 2198 1602 2267 Genna-

378 2313 469 2382 niam
484 2333 633 2380 amorem
655 2322 812 2393 testatur,
834 2321 869 2379 et
888 2314 1073 2380 vehemens
1092 2311 1243 2380 studium
1265 2323 1303 2378 ut
1323 2313 1394 2400 apti
1410 2335 1471 2400 pro
1491 2336 1532 2382 ea
1542 2314 1602 2399 ju-

378 2429 490 2495 vanda
505 2427 649 2513 operarii
665 2431 791 2495 Romae
807 2426 1040 2508 instituantur3
1056 2426 1202 2512 ideoque
1218 2429 1262 2497 de
1278 2429 1413 2515 collegii
1429 2428 1602 2516 germani-
1695 2413 1699 2421 ⁸

377 2543 409 2612 ci
424 2563 586 2630 prospero
601 2563 762 2611 successu
779 2544 919 2629 gaudet,
938 2563 1032 2628 spem
1048 2541 1160 2609 animo
1177 2543 1298 2610 fovens
1316 2566 1403 2631 uque
1419 2545 1603 2631 podremos

378 2679 474 2726 sacar
489 2658 588 2728 desse
607 2656 751 2745 collegio
767 2680 811 2726 en
826 2658 932 2724 breue
949 2656 1075 2744 tiempo
1091 2679 1173 2744 muy
1187 2658 1320 2726 buenos
1336 2661 1460 2747 galgos
1476 2681 1601 2746 ymas-

377 2774 465 2843 tines
481 2793 562 2860 para
574 2783 692 2839 contra
704 2782 795 2840 estos
807 2772 1007 2840 demonillos
1022 2795 1045 2858 y
1059 2772 1291 2860 heretiquillos
1303 2775 1347 2844 de
1363 2776 1548 2843 Alemanau
1568 2777 1600 2862 (5

376 2865 487 2974 Dec).
506 2888 699 2975 Collegium
716 2888 899 2975 Augustae
913 2911 934 2954 a
948 2887 1061 2957 Natali
1078 2889 1348 2976 recognoscitur,
1363 2891 1477 2976 ibique
1489 2891 1599 2958 moni·

377 3017 413 3072 ta
428 3025 489 3090 pro
504 3004 560 3070 lue
576 3024 596 3069 a
611 3001 713 3070 sociis
729 3004 914 3072 avertenda
925 3005 968 3069 ab
985 3003 1059 3090 ipso
1075 3004 1268 3086 traduntur;
1288 3005 1446 3073 Canisius
1463 3006 1601 3093 sapien-

378 3119 469 3186 tibus
480 3117 618 3184 monitis
629 3129 664 3186 et
676 3117 838 3200 consiliiS,
853 3139 986 3184 summo
998 3117 1105 3206 ipsius
1116 3118 1250 3201 solati0,
1260 3120 1402 3206 juvatur
1415 3122 1469 3208 (ao
1481 3122 1596 3208 Nov.).

377 3232 621 3320 Lanspergiam
642 3232 735 3300 venit
762 3231 904 3313 Natalis,
927 3232 1042 3318 ibique
1058 3235 1101 3304 de
1116 3233 1292 3303 dotatione
1307 3237 1529 3323 collegiorum
1546 3237 1600 3304 in·

375 3346 616 3436 golstadiensis
635 3358 671 3415 et
694 3347 910 3415 monacensis
932 3347 1021 3415 serio
1042 3349 1183 3436 cogitat,
1214 3372 1354 3436 remque
1378 3372 1456 3418 cum
1473 3352 1601 3439 primo-

376 3464 471 3531 ribus
491 3461 638 3530 civitatis
660 3461 834 3550 transigit,
864 3462 1164 3548 ordinationesque
1190 3465 1487 3550 prudentissimas,
1510 3489 1600 3553 quae

374 3579 526 3668 generali
543 3577 736 3664 praeposito
751 3599 967 3665 summopere
982 3580 1182 3665 probantur,
1200 3579 1266 3646 illis
1282 3579 1438 3667 collegiis
1453 3583 1599 3670 scriptas

374 3693 536 3780 relinquit
551 3695 606 3780 (2ο
622 3703 657 3761 et
674 3711 716 3776 24
732 3695 848 3780 Nou).
868 3695 941 3760 Has
962 3705 1076 3762 autern
1092 3693 1334 3763 instructiones
1355 3708 1390 3766 et
1409 3697 1596 3765 ordinatio-

373 3785 435 3876 nes
446 3820 523 3896 post
535 3830 654 3877 omnes
665 3807 825 3894 epistolas
838 3808 872 3876 in
885 3808 1005 3875 ultimo
1017 3807 1148 3876 illarum
1162 3809 1347 3892 volumine,
1357 3813 1432 3880 Deo
1437 3813 1595 3898 juvante,

373 3923 541 3992 dabimus.
572 3923 824 3992 Annotationes
844 3923 976 3991 doctori
998 3923 1135 4004 Paivae,
1164 3925 1331 3995 derebus
1352 3926 1534 3996 Societatis
1560 3927 1595 3994 in

374 4039 583 4107 Kemnitium
604 4037 779 4121 scribenti,
801 4061 822 4106 a
844 4041 946 4107 Patre
966 4039 1076 4106 Nadal
1095 4040 1357 4126 suppeditantur
1377 4043 1431 4129 (24
1452 4046 1556 4126 Nou,
1580 4063 1593 4110 1

373 4155 480 4238 Deo).
499 4135 710 4242 Straubinga
737 4153 920 4240 collegium
938 4153 1119 4222 Societatis
1140 4154 1321 4241 impetrare
1345 4157 1522 4226 contendit
1538 4161 1597 4248 (20

373 4269 488 4356 Nou).
508 4271 561 4337 De
577 4269 784 4336 catechismo
798 4271 933 4337 tandem
948 4269 1258 4355 locupletando„de
1273 4271 1395 4341 litteris
1408 4272 1529 4342 indicis
1545 4277 1596 4342 la-

372 4383 443 4452 tine
459 4383 644 4466 vertendis,
674 4387 717 4452 de
739 4386 842 4453 rebus
862 4383 1071 4469 Antverpiae
1093 4393 1127 4452 et
1150 4385 1305 4466 Lovanii‚
1329 4386 1472 4474 aliisque
1494 4389 1596 4486 rebus

373 4499 492 4565 ultima
511 4499 614 4584 hujus
634 4499 713 4566 anni
742 4499 896 4586 epistola,
920 4497 1084 4567 Tridento
1110 4523 1131 4566 a
1159 4500 1309 4567 Polaneo
1334 4520 1373 4585 14
1393 4505 1614 4578 Decembris

373 4614 465 4696 data,
483 4614 630 4682 disserit.
