3604 5380
814 489 880 559 1561

303 707 390 775 1³4
739 726 951 776 uournancr
953 727 970 788 J

302 875 407 945 Venit
420 879 490 942 huc
506 875 608 946 etiam
630 874 900 956 BustamantiuS,
922 897 1016 958 narn,
1033 895 1143 960 qurum
1164 896 1269 962 aegre
1290 873 1462 944 videretur

229 992 408 1061 rediturus
430 989 579 1059 insuam
599 989 810 1077 prouinciam
833 999 975 1080 popter
1002 1009 1153 1071 causam,
1176 1011 1279 1075 quam
1304 989 1464 1076 superius

230 1107 348 1196 attigi,
360 1108 583 1174 commodum
598 1105 779 1174 videbatur
792 1116 832 1170 vt
847 1127 903 1172 me
917 1104 1053 1174 iuuaret
1068 1104 1105 1170 in
1124 1103 1329 1186 visitatione,
1351 1105 1463 1174 donec

230 1226 277 1290 ad
292 1221 367 1291 eius
382 1221 595 1310 prouinciam
617 1219 824 1288 veniremus.
848 1219 982 1288 Mutaui
1002 1231 1115 1287 tamen
1130 1229 1250 1308 postea
1264 1222 1331 1287 hoc
1346 1219 1461 1287 consi-

229 1339 328 1419 linm,
345 1349 382 1406 et
403 1336 619 1424 Monteregio
639 1336 734 1404 illum
755 1335 869 1404 remisi
890 1336 1043 1404 insuam
1062 1335 1286 1423 prouinciam,
1308 1335 1387 1403 data
1406 1334 1461 1400 in-

229 1453 434 1535 structione;
452 1473 521 1520 non
538 1452 628 1521 enirn
644 1450 756 1519 visum
771 1462 825 1518 est
840 1452 1046 1535 consultum,
1063 1462 1102 1519 vt
1117 1461 1248 1519 careret
1262 1450 1463 1538 prouinciali

228 1567 490 1655 prouincialem
507 1567 580 1648 diu,
593 1578 629 1635 et
644 1589 712 1654 ego
724 1589 793 1634 non
805 1569 950 1654 egebam
966 1566 1041 1634 eius
1055 1589 1159 1654 opera
1177 1566 1184 1655 Ι
1203 1565 1240 1632 in
1250 1565 1461 1649 visitatione,

229 1697 265 1753 et
281 1683 331 1749 illi
347 1683 447 1751 facile
462 1704 663 1769 persuasum
679 1693 786 1752 estut
801 1684 845 1750 ad
860 1703 941 1750 suos
957 1682 1094 1751 rediret.
1118 1683 1201 1749 Erat
1215 1681 1252 1748 in
1271 1684 1337 1750 hoc
1356 1683 1462 1750 colle-

228 1799 291 1886 gio
316 1800 431 1866 bonus
458 1800 499 1864 P.
522 1799 817 1881 Valderrauanus,
843 1799 852 1832 ¹
874 1808 996 1865 rector.
1022 1798 1207 1866 Habebant
1226 1816 1248 1880 4
1268 1797 1395 1866 classes
1426 1807 1463 1864 et

227 1914 459 2000 professorem
485 1935 628 1980 casuum
648 1911 888 1981 conscientiae.
913 1915 1020 1980 Erant
1041 1913 1269 1994 incommode,
1297 1923 1458 2000 anguste,

226 2029 306 2098 sine
321 2027 478 2109 ecclesia,
496 2028 571 2097 sine
587 2027 800 2109 fundatione,
826 2049 931 2112 quum
948 2028 992 2096 sit
1012 2027 1173 2114 oppidum
1194 2038 1299 2097 tenue
1318 2027 1376 2096 vix
1395 2029 1459 2094 do·
1503 2081 1505 2084 .

226 2165 364 2212 morum
392 2163 448 2226 4ο;
477 2165 519 2212 eo
547 2155 660 2211 tamen
684 2142 846 2210 avicinis
872 2143 984 2231 pagis,
1013 2142 1246 2212 adiectiones
1272 2141 1459 2210 conuenie-

224 2262 313 2327 bant
327 2262 372 2326 ad
399 2280 466 2343 400
486 2259 680 2328 scholastici
701 2259 886 2341 auditores,
904 2259 1051 2327 maxima
1065 2283 1108 2328 ex
1123 2269 1220 2344 parte
1246 2257 1457 2346 pauperculi.

225 2377 434 2444 Afferebant
449 2397 518 2442 non
535 2375 797 2462 vullffigarem
814 2375 974 2442 fructum.

295 2490 456 2572 Visitaui;
475 2512 544 2576 quo
559 2491 698 2558 nomine
718 2491 928 2579 complector
949 2491 1118 2573 examina,
1135 2489 1382 2573 confessiones
1405 2511 1460 2556 re-

224 2605 451 2675 nouationem
481 2617 652 2688 votorum,
675 2628 762 2691 quae
784 2607 854 2674 fere
874 2607 1015 2688 fiebant,
1038 2617 1074 2673 et
1093 2605 1358 2674 exhortationes.
1381 2607 1461 2673 Non

224 2720 342 2808 potuit
357 2720 415 2808 agi
432 2723 475 2788 de
492 2721 704 2802 fundatione,
723 2723 816 2808 quod
831 2743 946 2789 comes
962 2744 1031 2789 non
1046 2723 1175 2791 aderat.
1194 2721 1298 2808 Quod
1310 2722 1354 2788 ad
1364 2719 1458 2789 aedi-

224 2835 346 2903 ficium
362 2835 496 2916 attinet,
519 2835 721 2922 praescripsi
740 2858 829 2922 quae
856 2837 1073 2906 videbantur.
1090 2837 1178 2902 Illud
1193 2835 1288 2917 item,
1306 2846 1344 2901 vt
1361 2857 1458 2902 com-

223 2951 364 3019 modius
374 2973 449 3018 esse
462 2963 614 3038 possent,
628 2951 760 3020 interea
771 2952 852 3018 dum
865 2974 995 3020 nouum
1007 2951 1246 3020 aedificaretur
1257 2950 1454 3038 collegium.

296 3065 377 3134 Vidi
408 3065 651 3148 eremitorium,
680 3067 756 3136 siue
786 3066 980 3134 inchoatam
1010 3067 1207 3149 ecclesiam,
1239 3067 1383 3134 miliario
1412 3068 1457 3134 ab

222 3177 476 3268 oppido,'quae
492 3181 591 3248 nobis
606 3193 679 3249 erat
695 3183 787 3249 data.
812 3182 942 3251 Censui
953 3183 1045 3250 iliam
1062 3183 1074 3216 ¹
1094 3181 1102 3272 Ι
1121 3183 1215 3250 nulla
1229 3181 1364 3252 ratione
1378 3203 1454 3250 esse

223 3293 455 3379 retinendam,
469 3306 608 3383 propter
620 3308 800 3381 quaestum
813 3297 1105 3382 eleemosynarum
1116 3308 1152 3365 et
1158 3296 1403 3385 obligationem
1410 3299 1454 3364 ad

220 3409 360 3496 aliquas
375 3410 497 3478 missas
512 3411 747 3494 celebrandas,
764 3432 854 3497 quae
869 3411 1049 3481 videbatur
1064 3412 1240 3498 subsequi.

297 3525 426 3594 Habita
445 3525 501 3593 hic
523 3525 587 3592 fuit
612 3529 624 3559 ³
645 3548 716 3593 non
743 3525 925 3594 incelebris
950 3525 1136 3613 disputatio
1163 3526 1368 3613 theologica,
1397 3527 1453 3593 cui

221 3641 385 3711 interfuit
411 3644 532 3710 doctor
563 3643 717 3711 Oroscus
743 3653 779 3712 et
806 3642 1074 3711 Bustamantius.
1104 3643 1242 3711 Acriter
1266 3642 1453 3730 disputauit

220 3755 444 3844 Rengiphus,
462 3759 633 3844 professor
648 3779 803 3826 casuum.

295 3871 417 3939 Visum
443 3883 497 3940 est
522 3894 627 3960 egere
647 3876 713 3940 hoc
736 3873 950 3962 collegium*
976 3873 1088 3961 gratia
1103 3884 1139 3943 et
1157 3874 1284 3942 auxilio
1304 3873 1453 3961 episcopi

220 3987 407 4071 auriensiS,
424 3989 490 4055 sub
505 3987 605 4055 cuius
620 3999 673 4057 est
688 3988 828 4072 diocesi,
843 3999 1022 4076 propterea
1036 3989 1115 4058 veni
1131 3992 1175 4058 ad
1186 4013 1266 4060 eum
1277 4011 1356 4058 cum
1368 3993 1452 4058 Val-

217 4105 411 4170 derauano.
437 4106 491 4171 De
511 4103 649 4190 collegii
672 4103 872 4173 fundatione
897 4105 982 4171 130
1004 4105 1061 4192 egi
1083 4117 1202 4191 postea
1225 4105 1454 4175 Salmanticae

216 4239 304 4284 cum
317 4239 410 4285 nouo
425 4219 549 4286 comite
564 4221 633 4285 don
650 4218 862 4306 Hieronymo
879 4223 903 4288 ⁸.

280 4345 289 4377 ¹
327 4343 403 4412 Me,
424 4343 644 4400 Valderrauus.

276 4435 288 4466 ¹
325 4433 361 4488 ln
375 4450 432 4488 ms.
451 4435 541 4490 illam
554 4434 712 4506 repetitur.

279 4522 292 4552 ³
329 4521 610 4595 ids.,hicsuithic.

281 4611 294 4644 ⁴
329 4611 403 4682 ils,
416 4613 553 4686 collegio.

280 4701 293 4734 ⁸
330 4699 379 4756 Nil
392 4700 423 4756 in
435 4701 489 4758 fol.
510 4700 560 4757 136
574 4722 602 4757 v.
617 4703 758 4776 scriptum
772 4693 840 4760 fuit.
