3478 5384
264 537 270 546 ι
320 465 373 533 264
722 451 829 522 Ense.
852 464 885 519 P.
907 463 1109 534 Nemo—269

321 610 345 674 ά
362 609 410 674 mi
424 629 459 675 se
473 629 527 676 me
537 609 618 694 pide
633 609 799 676 eseriuirt
813 608 949 694 quando
964 608 1117 695 prodiere,
1133 609 1166 674 si
1187 609 1240 674 las
1259 609 1473 694 ocupacimes
1496 608 1542 675 de

321 725 358 790 ta
373 745 514 791 semona
529 729 629 791 santo
645 745 689 790 no
704 745 757 790 me
772 723 923 790 dexaren
939 723 1091 790 eserenir
1101 730 1194 808 poro
1208 745 1248 810 oy
1266 725 1310 788 ’.υ

390 843 465 925 Ipse
482 841 653 906 Potaneuo
673 839 718 905 ad
740 839 904 920 eumdem,
925 855 969 904 22
989 839 1123 925 Aprilis
1140 842 1205 923 156
1207 855 1236 922 3,
1258 839 1339 905 leaeo
1361 837 1401 904 de
1424 839 1539 904 eodem

323 957 460 1042 negotio
475 955 627 1022 addebat:
645 955 823 1021 «Rescinio
838 959 976 1020 nuestro
991 954 1110 1040 Padre
1126 955 1160 1018 la
1175 955 1216 1020 de
1238 956 1274 1021 V.
1294 955 1338 1020 R.
1360 953 1401 1019 de
1422 970 1464 1035 14
1483 954 1540 1020 del

319 1075 488 1155 presente,
501 1092 523 1156 y
540 1069 621 1136 tense
636 1069 814 1135 entendido
829 1069 927 1136 hosta
941 1068 1049 1134 donee
1063 1089 1099 1135 se
1114 1069 1242 1135 stendit
1253 1069 1353 1154 aquei
1364 1089 1484 1134 rumor
1495 1069 1540 1134 de

323 1187 357 1250 to
372 1185 413 1250 de
428 1185 606 1265 Alemana,
619 1207 642 1271 y
657 1185 687 1249 ei
701 1189 819 1250 auctor
833 1183 896 1264 det,
908 1206 932 1270 y
946 1184 1037 1250 eorem
1048 1184 1118 1250 eota
1130 1185 1165 1248 ia
1176 1205 1252 1249 cosa
1263 1183 1467 1249 remediada.
1488 1183 1540 1249 Ya

324 1301 436 1366 serini
448 1321 490 1386 yo
505 1299 539 1364 ta
555 1305 652 1365 carta
667 1320 731 1385 qne
745 1299 767 1364 ά
790 1300 826 1366 V.
841 1300 886 1365 R.
901 1299 1041 1384 parezio
1052 1319 1088 1364 se
1098 1300 1260 1366 seriniese
1271 1298 1312 1364 de
1323 1298 1375 1364 las
1381 1300 1540 1384 partimi-

323 1416 417 1480 tares
428 1421 605 1499 personae,v
623 1415 699 1480 mes
708 1413 820 1501 podra
835 1414 966 1480 scrinir
981 1413 1011 1478 et
1026 1415 1069 1480 P.
1089 1414 1193 1480 Mtro.
1217 1412 1344 1479 Nadot.
1364 1414 1458 1509 'Atgo
1476 1413 1541 1478 abo

323 1531 472 1620 defalta
488 1550 530 1595 en
546 1531 595 1596 los
610 1535 765 1610 rectores,
780 1549 827 1595 ec.
853 1529 1028 1594 Valentino
1043 1528 1067 1609 ¹,
1084 1551 1107 1614 y
1122 1529 1152 1595 et
1171 1529 1212 1594 de
1235 1529 1341 1596 Viena
1352 1529 1376 1608 ³;
1387 1535 1469 1614 pero
1493 1549 1540 1594 no

324 1667 402 1712 cosa
418 1666 481 1730 que
495 1645 536 1710 de
546 1645 658 1733 fuera
668 1651 816 1729 pareeea
826 1643 966 1730 pndiese
981 1649 1130 1724 notarse‚
1141 1651 1208 1730 por
1222 1665 1266 1708 no
1281 1663 1338 1709 ser
1348 1644 1481 1728 pratiao
1495 1664 1540 1708 en

324 1761 356 1826 et
368 1761 539 1847 gonierno
553 1759 584 1824 el
593 1761 759 1844 primore,
773 1765 872 1844 ypor
887 1778 944 1824 ser
959 1757 1039 1844 algo
1049 1758 1272 1844 positionime
1286 1759 1316 1822 el
1331 1757 1384 1823 2.⁰
1404 1779 1465 1823 con
1485 1758 1540 1822 las

323 1876 514 1941 occasiones
528 1875 569 1940 de
580 1879 682 1961 peste,
699 1878 758 1940 ete.
783 1874 944 1939 Tambitn
962 1872 1022 1938 abo
1041 1874 1192 1960 atgnnae
1210 1874 1408 1940 tentationes
1428 1874 1447 1938 ό
1465 1894 1539 1938 me-

323 1990 511 2056 lancholias
526 1991 567 2055 de
583 1990 682 2075 aquet
696 1990 737 2054 de
753 1990 855 2075 quien
870 2009 906 2054 se
920 1989 1033 2054 seriae
1048 1989 1082 2053 ta
1097 1989 1184 2055 tetra
1198 1988 1251 2054 dei
1262 1991 1307 2056 P.
1324 1989 1463 2054 Canieio
1474 2009 1540 2074 que

334 2108 370 2172 V.
389 2107 433 2171 R.
450 2105 559 2190 ynete.
585 2105 677 2170 Todo
691 2111 866 2189 speramos
881 2125 941 2170 oon
957 2105 991 2168 ta
1004 2103 1073 2190 yda
1092 2104 1145 2170 eet
1165 2106 1210 2171 P.
1237 2103 1353 2170 Nadal
1372 2125 1408 2169 se
1430 2103 1539 2168 liebrci

327 2220 530 2298 remedium
546 2240 609 2306 qne
626 2219 717 2286 todos
730 2240 792 2285 son
808 2219 939 2301 bnenoS,
956 2220 1042 2285 Dios
1058 2219 1162 2300 mado,
1178 2240 1314 2304 aunone
1328 2240 1404 2285 ereo
1413 2239 1449 2284 oe
1459 2241 1538 2284 mn-

323 2335 416 2401 daret
432 2335 462 2400 el
477 2340 586 2401 rector
601 2334 641 2400 de
664 2335 769 2400 Vieno
779 2340 872 2418 para
886 2340 959 2400 otro
975 2334 1113 2421 collegio
1127 2353 1242 2399 menos
1250 2333 1398 2421 grande,
1409 2341 1540 2419 perque

326 2472 372 2516 no
382 2457 509 2536 pareze
524 2469 559 2515 es
570 2456 664 2536 para
679 2454 771 2515 tanto
786 2469 827 2514 su
843 2449 965 2514 candal
979 2469 1042 2535 qne
1061 2450 1152 2515 boote
1167 2456 1259 2534 para
1289 2449 1404 2514 Viena.
1426 2447 1541 2534 Mejor

324 2565 358 2631 to
373 2563 473 2644 liora,
488 2585 579 2630 como
594 2572 777 2650 speramus,
793 2564 823 2630 et
839 2566 883 2630 Ρ.
902 2566 1057 2630 Lorenzo
1071 2565 1118 2630 ’.η

394 2679 488 2745 Idem
504 2679 677 2746 Polancns
692 2680 733 2744 de
753 2679 867 2746 eadem
888 2699 936 2760 re,
960 2679 1041 2744 haee
1063 2678 1238 2744 Madride'o
1262 2695 1281 2762 3
1304 2677 1396 2764 Maji
1415 2679 1541 2744 retulit·

328 2796 521 2860 «Ricenette
540 2800 655 2860 nostro
676 2793 794 2859 Padre
815 2794 921 2879 quelle
940 2795 977 2859 di
1003 2795 1039 2858 V.
1070 2795 1115 2860 R.
1144 2793 1184 2858 ate
1207 2811 1250 2875 24
1276 2794 1330 2858 det
1349 2799 1498 2879 passatm
1523 2813 1541 2858 e

324 2913 454 2994 quanto
468 2908 526 2974 aii’
545 2909 792 2996 informatione
806 2909 881 2974 delt'
900 2909 1104 2993 imperatore
1118 2929 1135 2973 e
1150 2909 1270 2995 collegi
1284 2908 1322 2973 di
1340 2909 1540 2988 Germania,

329 3024 354 3088 a
369 3025 414 3088 P.
433 3022 535 3088 Mtro.
556 3023 663 3088 Natat
678 3021 722 3087 lio
737 3023 831 3111 fatto
852 3023 999 3109 rioposta
1017 3024 1076 3090 elie
1099 3045 1169 3089 non
1191 3026 1217 3090 ii
1233 3031 1322 3109 pare
1337 3025 1540 3104 necessaria,

327 3159 386 3202 mo
395 3141 460 3223 piie
472 3143 587 3222 presto
606 3138 715 3202 baono
729 3139 912 3222 penitenza
929 3145 994 3224 per
1013 3139 1133 3204 ciritio
1155 3139 1189 3204 ta
1211 3139 1304 3224 colpa
1326 3141 1365 3204 in
1387 3139 1542 3205 seminar

326 3253 553 3332 wlinemari,
569 3253 731 3317 masoime
744 3253 847 3341 sotei.
873 3253 914 3319 Ci
931 3255 1045 3318 serino
1065 3255 1144 3320 bene
1164 3255 1284 3319 amnne
1303 3275 1375 3320 cose
1389 3253 1541 3338 portico

328 3367 399 3432 tari
414 3366 473 3432 cire
483 3374 586 3451 passo
602 3387 663 3432 con
678 3367 702 3431 t'
719 3368 933 3453 imperatore,
949 3390 1038 3434 come
1053 3389 1113 3434 era
1132 3370 1217 3435 dirti
1238 3369 1296 3434 otte
1316 3390 1377 3434 era
1396 3369 1542 3454 obligato

328 3482 377 3546 ad
399 3482 553 3548 aunario
572 3502 608 3548 se
629 3483 740 3548 tronea
759 3483 898 3567 qnatetze
921 3485 1014 3548 meta
1035 3485 1271 3573 sedissettione
1291 3485 1324 3550 d'
1346 3485 1466 3550 ainerio
1486 3484 1542 3548 dei

330 3598 442 3662 nostri
458 3618 474 3661 e
489 3597 516 3661 ti
531 3597 660 3682 rispase
676 3596 734 3662 elie
749 3604 875 3682 sapeua
890 3598 912 3662 l'
929 3599 1049 3686 obligo,
1065 3621 1123 3664 ma
1137 3599 1196 3666 ohe
1211 3599 1261 3665 lui
1275 3621 1338 3665 era
1351 3599 1413 3665 ben
1431 3598 1542 3664 sodis-

323 3713 420 3800 fatto
446 3713 483 3776 di
503 3712 591 3792 tutti,
610 3731 628 3777 e
647 3711 707 3777 elie
727 3713 828 3797 quelli
854 3712 912 3777 elie
937 3714 1090 3799 sogtiono
1111 3714 1237 3799 parler
1263 3716 1301 3780 in
1328 3719 1446 3780 contra
1472 3735 1542 3778 non

329 3827 536 3893 norrebbono
549 3827 654 3893 aeder
669 3827 703 3892 lo
722 3827 935 3915 Compagnio
950 3833 1069 3895 nostra
1085 3830 1122 3896 in
1137 3829 1376 3919 Alemagna,e
1395 3830 1452 3894 che
1472 3849 1544 3894 non

314 3942 357 4007 a·
372 3942 525 4023 eredena,
542 3947 601 4008 ete.
621 3942 753 4008 Mostra
771 3943 873 4008 etiam
894 3945 932 4008 in
952 3951 1049 4030 opere
1069 3946 1214 4010 tattenia
1236 3946 1260 4010 t'
1284 3967 1383 4012 amor
1404 3946 1544 4030 spetiate

327 4056 388 4122 clee
403 4057 434 4122 ei
445 4061 546 4142 porta
563 4059 605 4122 ὃ.»

388 4299 394 4328 ¹
432 4296 476 4350 Ex
488 4297 646 4367 archetypo
659 4293 689 4350 in
704 4292 775 4350 coe.
790 4295 882 4360 PLB,
898 4309 948 4350 122
960 4296 1031 4366 (48).

386 4385 398 4417 2

382 4473 394 4504 ⁸
431 4383 540 4528 Psaffis
554 4472 705 4530 Hoffaeus.

386 4563 397 4594 ⁴
434 4561 578 4632 Maggius.
593 4563 636 4616 Ex
649 4565 839 4636 autographo,
852 4563 883 4619 in
896 4563 968 4620 Cod.
984 4565 1075 4631 PLB,
1093 4567 1142 4622 128
1153 4567 1225 4635 (62).

383 4651 396 4683 ⁸
433 4650 478 4705 Ex
492 4651 660 4722 archetypo,
674 4651 704 4706 in
719 4650 791 4708 Coei.
810 4653 896 4721 PLB,
915 4651 961 4708 131
977 4657 1047 4724 (72).
