3544 5390
669 403 835 462 Arsurum
1307 413 1359 475 577

126 577 200 624 nus
217 579 298 626 sum
313 555 463 638 natione,
481 555 590 645 patria
605 555 848 625 coloniensis..
868 575 900 641 7.
919 555 985 645 Egi
997 566 1218 625 mercatorem
1231 555 1360 643 aliquot

127 645 250 727 annis;
268 648 330 716 sed
345 668 424 713 cum
438 646 620 716 diuersitas
635 647 715 714 fidei
734 646 816 713 mihi
837 668 939 733 saepe
959 645 1119 715 interiora
1145 667 1221 713 mea
1243 667 1357 714 moue·

128 746 201 818 ret,
222 735 362 822 Tarpati
380 738 477 822 (quae
492 748 546 804 est
560 747 730 823 postrema
745 735 865 803 ciuitas
880 735 1055 818 Liuoniae,
1070 757 1138 820 quo
1150 746 1359 806 mercaturae

129 823 253 910 gratia
268 845 361 894 eram
376 825 559 910 profectus)
575 847 713 911 operam
728 823 824 911 coepi
839 826 921 894 dare
931 824 1037 892 literis
1048 824 1115 891 iam
1127 827 1356 911 grandaeuus

128 913 219 982 licet
238 912 353 1000 aliquo
365 915 466 981 modo
480 913 585 982 latine
600 916 745 999 loquens
760 935 802 980 ex
817 913 1078 994 consuetudine,
1096 913 1175 998 quia
1187 935 1272 1004 puer
1283 925 1358 980 stu-

129 1003 282 1070 dueram
309 1001 596 1088 aliquantulum...
630 1021 680 1070 12.
712 1005 801 1070 Puto
828 1023 881 1070 me
904 1002 1066 1070 terminos
1086 1003 1255 1069 undecimi
1278 1003 1358 1071 anni

129 1090 308 1178 attigisse,
325 1114 369 1160 ex
384 1112 451 1177 quo
467 1093 511 1158 ad
526 1090 730 1162 Societatem
746 1091 970 1178 peruenerim.
991 1093 1033 1157 Et
1049 1091 1128 1158 licet
1144 1092 1281 1176 quidem
1302 1115 1358 1162 me

128 1181 246 1247 Rdus.
279 1183 319 1248 P.
349 1182 547 1250 Leonardus
574 1183 715 1250 Romam
742 1179 883 1262 miserit,
906 1191 1020 1248 tamen
1039 1181 1189 1246 nondum
1211 1183 1357 1248 feceram

127 1279 270 1352 votum,
287 1290 399 1356 neque
414 1292 507 1337 eram
522 1271 677 1338 absolute
693 1269 767 1337 eius
782 1269 982 1354 sententiae,
1000 1279 1038 1334 ut
1054 1269 1261 1354 ingrederer.
1285 1270 1354 1339 Sed

126 1357 349 1426 humanitate
365 1358 440 1426 Rdi.
460 1362 501 1427 Ρ.
516 1358 647 1448 Jacobi,
666 1378 757 1426 nunc
774 1357 954 1443 praepositi
970 1357 1090 1441 nostri,
1107 1357 1231 1440 victus,
1254 1359 1356 1444 polli-

126 1447 224 1514 citus
240 1469 318 1515 sum
334 1447 382 1514 illi
397 1446 599 1531 Florentiae,
619 1448 678 1514 ubi
698 1463 739 1530 15
753 1447 825 1513 dies
841 1459 1069 1513 commoratus
1084 1467 1173 1529 sum,
1192 1470 1246 1516 me
1266 1449 1355 1516 velle

128 1539 268 1604 Romae
282 1537 487 1606 Societatem
502 1536 649 1623 ingredi,
667 1537 702 1602 id
718 1537 809 1621 quod
824 1537 952 1602 factum
968 1546 1030 1602 est.
1055 1535 1118 1602 Fui
1138 1547 1251 1603 autem
1273 1547 1356 1604 tunc

128 1625 301 1712 temporis
316 1625 417 1692 etiarn
429 1625 652 1706 examinatus
667 1637 702 1694 et
714 1623 821 1694 mansi
831 1646 892 1711 per
904 1624 1052 1692 medium
1065 1646 1192 1692 annum
1203 1623 1238 1690 in
1251 1624 1354 1693 domo

129 1714 332 1795 societatis,
351 1724 529 1802 propterea
544 1716 636 1800 quod
656 1736 748 1782 eram
769 1713 921 1800 proximo
944 1713 1136 1800 Septembri
1155 1713 1190 1780 in
1211 1713 1356 1784 Germa-

128 1802 228 1871 niam
258 1803 484 1871 mittendus...
520 1822 574 1887 14..
604 1805 689 1872 Sum
716 1803 883 1871 sacerdos.
919 1816 968 1887 15.
999 1805 1105 1870 Roma
1128 1801 1251 1870 missus
1276 1823 1353 1870 sum

130 1892 322 1974 Viennam,
340 1892 400 1958 ubi
415 1891 512 1977 quasi
528 1913 587 1978 per
603 1890 785 1961 triennium
801 1892 869 1978 egi:
892 1891 1026 1960 Vienna
1045 1891 1222 1960 Coloniam
1241 1894 1354 1978 profe-

128 1994 213 2048 ctus
229 2003 320 2048 sum:
338 1980 480 2048 Colonia
494 1980 619 2049 iterum
635 1982 791 2062 Romam,
810 1981 869 2047 ubi
884 1979 949 2048 iarn
966 1982 1036 2048 fere
1057 2002 1118 2066 per
1137 2002 1264 2047 annum
1283 1981 1351 2068 egi.

128 2071 218 2137 Inde
235 2079 373 2157 propter
387 2069 616 2138 valetudinem
632 2070 754 2137 missus
774 2091 850 2136 sum
873 2069 1142 2156 Obnipontum...
1170 2088 1221 2152 17.
1244 2071 1354 2137 Docui
1387 2091 1393 2104 ·

128 2159 203 2227 fere
233 2181 368 2244 semper
396 2157 570 2240 Coloniae,
603 2168 638 2226 et
668 2158 772 2226 habui
803 2160 983 2245 quamdam
1014 2159 1206 2244 generalem
1237 2179 1354 2226 curam

129 2247 263 2336 agendi
286 2269 364 2316 curn
385 2246 520 2315 ciuibus
539 2257 573 2316 et
592 2247 785 2316 hominibus
805 2247 966 2327 externiS,
995 2257 1030 2313 et
1057 2247 1086 2315 si
1112 2246 1195 2331 quid
1218 2245 1353 2317 maioris

126 2336 298 2406 momenti
313 2358 375 2423 pro
395 2336 539 2424 collegio
559 2348 632 2404 erat
658 2337 920 2423 procurandum,
949 2336 1050 2403 etiam
1075 2336 1193 2405 haberi
1219 2337 1349 2405 curaui.

127 2426 231 2496 Sicut
247 2425 350 2494 etiam
367 2428 495 2494 Romae
509 2425 644 2513 collegii
661 2425 766 2496 nostri
782 2447 953 2511 praeeram
970 2424 1116 2492 comitiis
1135 2423 1301 2494 habendis
1317 2426 1352 2493 in

128 2515 356 2583 uniuersitate
371 2514 407 2580 in
422 2514 592 2582 creatione
608 2514 858 2602 magistrorum,
872 2513 1066 2581 licentiatus
1078 2524 1112 2582 et
1123 2515 1242 2580 doctor
1253 2511 1300 2606 [?].
1312 2517 1351 2582 In

125 2604 312 2672 viennensi
327 2603 473 2702 collegio
487 2603 580 2670 varia
595 2603 699 2671 habui
716 2603 838 2687 officia;
857 2603 941 2668 nihil
955 2602 1045 2670 enim
1061 2603 1168 2670 defuit
1187 2602 1234 2670 ibi
1256 2605 1351 2671 labo·

126 2695 187 2776 τίς,
206 2714 289 2761 cum
305 2693 405 2780 pauci
421 2714 613 2762 essemus...
633 2712 686 2762 21.
706 2695 833 2760 Romae
848 2692 996 2776 quidem,
1015 2691 1074 2758 ubi
1090 2690 1190 2759 etiam
1206 2714 1352 2779 genera-

126 2783 195 2849 lem
204 2782 283 2850 'feci
299 2781 548 2851 consessionem
569 2783 655 2850 Rdo.
679 2782 773 2849 Patri
793 2781 957 2849 Madridio
973 2780 1076 2848 totius
1094 2781 1265 2867 temporiS,
1284 2804 1352 2868 quo

10 2887 15 2904 ’
128 2872 178 2937 fui
207 2871 247 2938 in
273 2869 456 2952 Societate,
485 2871 546 2937 sed
572 2869 734 2940 Coloniae
759 2869 843 2937 nihil
868 2873 990 2937 horum
1012 2891 1087 2937 meo
1112 2879 1263 2957 tempore
1286 2870 1351 2938 fuit

127 2951 393 3029 observatum..2
424 2957 527 3050 [Sela]
558 2979 586 3027 1.
617 2963 650 3028 A
677 2981 783 3046 puero
807 2981 914 3044 usque
940 2960 984 3025 ad
1003 2959 1172 3025 decimum
1193 2958 1350 3044 quintum

127 3071 260 3116 annum
276 3048 397 3117 studiis
413 3048 669 3117 humanioribus
685 3071 822 3136 operam
838 3047 927 3117 dedi.
948 3051 1072 3116 Postea
1088 3050 1198 3115 factus
1218 3069 1349 3118 merca-

127 3149 181 3205 tor
210 3159 272 3225 per
300 3148 445 3224 quatuor
465 3137 561 3223 quasi
586 3159 704 3220 annos,
730 3137 846 3205 relicta
868 3141 1070 3218 mercatura,
1095 3138 1229 3204 duobus
1252 3137 1350 3206 annis

127 3227 256 3296 iterum
270 3227 386 3300 studui
399 3237 580 3312 antequam
596 3226 800 3296 Societatem
811 3225 1019 3314 ingrederer.
1036 3225 1253 3293 Potissimum
1266 3249 1348 3314 ope-

127 3340 201 3386 ram
219 3315 416 3403 consumpsi
432 3315 467 3382 in
478 3315 667 3384 rhetoricis
681 3317 828 3383 Cursum
841 3315 943 3382 etiam
955 3314 1068 3397 docui,
1082 3316 1143 3384 sed
1155 3339 1226 3382 non
1238 3315 1346 3398 licuit,

128 3415 202 3474 turn
219 3427 281 3494 per
295 3405 538 3486 valetudinem,
556 3416 628 3471 tum
644 3428 704 3491 per
719 3404 905 3472 domestica
920 3403 1071 3490 negotia,
1089 3405 1349 3491 expedire-lta·

128 3519 209 3582 que,
229 3495 347 3563 relicta
362 3493 507 3561 naturali
523 3493 746 3581 philosophia,
760 3493 911 3582 quinque
923 3493 1028 3561 libros
1040 3492 1228 3563 ethicorum
1241 3494 1348 3582 expli—

128 3587 264 3666 eabam,
283 3594 318 3653 et
332 3583 456 3653 deinde
472 3582 638 3668 reliquum
656 3595 790 3670 tempus
805 3582 840 3649 in
861 3583 1026 3651 Cicerone
1047 3582 1190 3650 traduxi.
1217 3585 1348 3668 Quam-

128 3695 234 3759 quam
250 3695 384 3760 semper
399 3674 470 3742 fere
485 3695 586 3740 vnam
602 3671 765 3740 Coloniae
779 3671 959 3740 lectionem
978 3672 1138 3740 haberem
1160 3671 1195 3738 in
1216 3675 1349 3741 theolo-

129 3763 231 3850 giciS,
249 3765 378 3831 Romae
395 3761 495 3836 etiam
514 3762 705 3848 theologiae
721 3761 854 3828 auditor
875 3760 961 3827 fui...
985 3761 1017 3826 6.
1041 3760 1204 3846 Magister
1225 3761 1348 3829 artium

128 3873 205 3926 sum
223 3850 388 3920 Coloniae
402 3853 791 3938 promotus...-Petrus
807 3852 936 3936 Haupt,
954 3847 1168 3917 coloniensis.
1183 3848 1253 3940 [lV,
1268 3868 1346 3935 472,

150 3943 192 4009 82
935 4003 943 4020 ,

127 3959 149 4026 4
196 3941 228 4099 ]1.
276 4031 369 4096 Pero
384 4031 477 4116 Luys
498 4029 659 4096 Beutlwr.
683 4045 715 4096 2.
737 4030 791 4097 De
810 4047 853 4112 23
873 4037 969 4095 anos.
989 4047 1020 4111 3.
1042 4029 1096 4096 De
1114 4028 1148 4093 la
1167 4026 1290 4095 eiudad
1305 4030 1349 4098 de

125 4117 301 4204 Valenqia.
325 4138 375 4201 14.
394 4117 588 4186 Recibidme
605 4118 637 4185 el
653 4120 693 4185 P.
713 4120 760 4186 M.
780 4115 910 4204 Miguel
924 4116 1100 4184 Gouiemo
1116 4139 1159 4185 en
1172 4117 1345 4202 Valencia.

129 4210 180 4275 16.
199 4209 287 4294 Seys
302 4213 437 4276 artos...
447 4225 500 4274 22.
520 4205 635 4275 Prima
651 4218 803 4274 tonsura.
822 4225 875 4290 23.
892 4207 944 4273 En
956 4205 1131 4292 Valenqia,
1140 4208 1272 4292 parlim
1285 4229 1348 4273 an-

127 4297 241 4364 dando
263 4317 307 4364 en
327 4296 463 4377 oficios,
479 4297 613 4382 partim
637 4296 868 4381 comencando
889 4301 908 4362 a
928 4293 1078 4362 estudiar
1098 4293 1220 4381 griego
1244 4317 1266 4380 y
1285 4299 1348 4364 he·

127 4385 295 4474 brayco...
314 4388 365 4453 En
383 4387 522 4454 Cuenca
537 4408 559 4471 y
575 4387 694 4454 Alcala
709 4386 752 4452 de
768 4385 922 4471 passada.
938 4386 990 4451 En
1003 4382 1138 4453 Medina
1150 4385 1206 4452 del
1219 4385 1348 4472 Campo

127 4475 182 4562 ley
197 4498 246 4543 un
267 4497 338 4543 mes
357 4477 401 4545 de
423 4474 648 4562 gramatice...
672 4477 723 4541 En
746 4476 960 4544 Salamanca:
984 4497 1027 4560 ay
1047 4484 1167 4541 estuve
1182 4475 1344 4541 enfermo.

129 4565 181 4633 En
198 4569 392 4656 Monterrey
412 4565 583 4652 enlermo,
601 4586 624 4654 y
645 4565 732 4638 letor
755 4565 798 4640 de
824 4565 857 4632 la
884 4585 951 4658 que
973 4563 1038 4637 alla
1060 4563 1181 4638 llaman
1205 4562 1349 4662 primera
1398 4633 1403 4644 ,
