3604 5380
319 503 371 562 ¹¹4
744 488 850 544 Enisa.
871 486 905 541 P.
919 484 1122 555 Nauae-215

317 642 470 710 tuis-roo
485 639 610 709 deleris
627 658 682 724 24,
700 639 847 728 singulis
867 656 918 707 12.
937 636 974 706 Si
991 646 1106 706 tamen
1126 636 1307 724 pecuniam
1330 657 1401 704 non
1422 657 1554 724 expen-

317 759 403 825 dant
430 757 466 822 in
492 755 632 840 viatico,
660 755 754 842 quod
779 753 948 840 reliquum
976 755 1053 836 erit,
1083 762 1263 840 acceptum
1288 751 1348 819 tibi
1369 753 1551 820 referemr.

319 875 506 959 Nunquam
522 871 677 938 omittam
693 893 773 938 cum
788 869 854 938 Dei
870 867 981 956 gratia
997 889 1052 937 res
1071 867 1171 936 istius
1191 867 1328 956 collegii
1347 889 1554 954 promouere

320 989 424 1076 (quod
440 987 476 1053 in
488 1009 544 1056 me
554 985 643 1074 erit);
658 985 774 1071 itaque
786 984 932 1072 potestis
947 984 990 1051 ad
1006 1007 1061 1053 me
1073 983 1332 1054 familiarissime
1344 982 1493 1052 scribere
1505 986 1554 1052 de

321 1105 426 1170 rebus
440 1101 577 1184 vestris,
595 1100 793 1188 praesertim
810 1101 920 1167 donec
935 1120 1053 1168 verser
1068 1099 1103 1166 in
1119 1101 1186 1165 hoc
1198 1119 1351 1178 munere,
1366 1120 1435 1184 quo
1446 1098 1551 1170 etiam

322 1218 351 1286 si
367 1217 570 1305 perfunctus
586 1217 695 1297 fuero,
715 1227 828 1282 tamen
843 1224 898 1282 est
917 1213 1000 1281 mihi
1019 1215 1223 1282 demandata
1242 1236 1326 1281 cura
1346 1214 1555 1284 Germaniae

323 1344 358 1404 et
379 1332 523 1414 Galliae,
545 1331 671 1417 quibus
690 1353 757 1418 ego
781 1329 980 1397 nationibus
1002 1351 1137 1416 semper
1162 1329 1285 1397 fauebo
1307 1328 1494 1417 impensius
1516 1339 1557 1400 et

324 1447 526 1516 nominatim
542 1457 658 1516 vestro
674 1446 834 1534 collegio.

393 1583 426 1646 4.
475 1562 552 1630 Fiat
569 1562 734 1642 fortassis,
754 1571 793 1627 ut
808 1561 1010 1648 Maguntiae
1029 1572 1156 1648 egeant
1176 1559 1277 1627 vnius
1302 1559 1417 1628 Patris
1437 1582 1558 1647 opera,

326 1678 386 1764 qui
413 1677 522 1764 possit
542 1699 701 1765 praeesse
721 1675 987 1744 convictoribus.
1010 1675 1243 1763 Designabam
1263 1697 1331 1764 ego
1351 1675 1556 1763 magistrum

327 1793 535 1880 Gregorium
551 1803 704 1860 vestrum
723 1795 732 1827 ¹
750 1814 829 1861 eum
845 1791 986 1872 scilicet,
1005 1791 1064 1876 qui
1086 1776 1240 1877 praeerat
1259 1791 1359 1859 classi
1378 1791 1558 1874 retorices;

327 1929 407 1976 nam
422 1929 464 1978 ea
479 1929 573 1989 cura,
593 1929 661 1995 qua
676 1909 879 1976 sublevabat
893 1906 929 1972 in
945 1906 1142 1994 magisterio
1157 1906 1344 1975 nouitiatus
1360 1911 1407 1976 M.
1431 1908 1557 1975 Coste-

327 2045 417 2107 rum,
434 2021 560 2110 poterit
575 2022 650 2090 aliis
665 2022 750 2103 dari,
768 2033 806 2088 vt
821 2043 889 2108 ego
904 2021 1060 2090 arbitror.
1084 2023 1185 2090 Esset
1206 2021 1288 2087 mihi
1308 2019 1557 2109 gratissimum,

329 2139 359 2206 si
373 2137 470 2204 illum
491 2136 676 2220 mitteritis,
698 2136 758 2202 ubi
778 2137 936 2224 exigetur
956 2157 976 2202 a
997 2139 1044 2203 M.
1068 2137 1250 2204 Lamberto
1272 2137 1298 2217 ¹,
1325 2137 1557 2224 Moguntiam,

330 2255 423 2340 quod
440 2263 555 2320 tamen
574 2273 644 2318 non
664 2253 775 2323 audeo
794 2251 934 2318 omnino
955 2251 1106 2318 iudicare
1127 2252 1150 2318 ⁸.
1171 2253 1296 2338 Ignoro
1316 2251 1406 2320 enim
1426 2263 1563 2320 vestras

330 2345 563 2450 difficultates,
580 2367 780 2453 praesertim
796 2368 862 2433 hoc
883 2376 1047 2454 tempore,
1060 2378 1106 2433 .et
1125 2366 1249 2433 iterum
1270 2367 1353 2434 illud
1372 2365 1462 2447 dico,
1484 2367 1563 2434 fore

331 2481 415 2550 mihi
441 2480 686 2569 gratissimum,
716 2481 745 2548 si
772 2481 867 2547 illum
895 2480 1050 2564 mittatis,
1073 2481 1134 2578 ubi
1160 2480 1226 2550 erit
1246 2483 1401 2548 futurum
1424 2481 1561 2548 initium

328 2597 421 2665 illius
442 2599 564 2664 domus
584 2595 875 2665 commensalium.
899 2597 1002 2683 Quod
1019 2597 1047 2664 si
1066 2619 1136 2663 non
1156 2596 1306 2684 possitis,
1325 2607 1360 2666 et
1375 2595 1515 2685 exigant
1538 2617 1565 2662 a

332 2713 431 2780 vobis
446 2734 553 2780 vnum
569 2714 793 2794 sacerdotem,
811 2713 867 2782 vel
883 2735 989 2780 unum
1006 2713 1156 2794 omnino,
1174 2713 1233 2800 qui
1249 2712 1356 2799 possit
1367 2734 1443 2780 esse
1457 2710 1564 2778 mini-

333 2838 404 2896 ster
421 2827 634 2916 Moguntiae,
652 2827 688 2894 id
703 2828 842 2895 omnino
857 2827 1062 2895 conabimini
1076 2840 1261 2916 praestare.
1280 2829 1443 2916 Egebunt
1457 2825 1562 2896 etiam

333 2943 487 3011 fortassis
508 2965 577 3010 uno
599 2943 714 3024 fratre,
737 2944 796 3030 qui
815 2942 953 3011 infimae
976 2943 1075 3010 classi
1096 2943 1234 3031 praesit,
1257 2945 1317 3011 sed
1338 2947 1404 3010 hoc
1426 2953 1559 3010 certum

333 3079 404 3126 non
419 3067 483 3126 est.
503 3059 551 3126 Vt
565 3058 657 3126 enim
672 3061 769 3126 Deus
785 3081 847 3126 sua
862 3059 1077 3146 benignitate
1091 3059 1327 3146 complectitur
1346 3058 1440 3125 istud
1458 3056 1563 3124 colle-

333 3173 443 3261 gium,
461 3171 508 3239 ita
523 3173 622 3259 copia
635 3185 749 3241 vestra
764 3173 909 3241 alienam
925 3172 1161 3261 indigentiam,
1178 3186 1216 3241 vt
1232 3177 1398 3244 hactenus
1418 3171 1561 3254 fecistis,

334 3288 495 3375 supplere
514 3288 657 3356 debetis.
682 3291 778 3356 Deus
800 3287 844 3355 sit
866 3287 1057 3355 nobiscum.
1081 3289 1244 3376 Cepimus
1264 3288 1330 3356 iam
1351 3309 1455 3376 agere
1481 3309 1564 3354 cum

334 3405 433 3470 Rmo.
452 3401 681 3488 herbipolensi
696 3404 741 3472 de
757 3405 860 3472 rebus
871 3403 925 3471 sui
938 3403 1086 3490 collegii,
1102 3415 1136 3472 et
1148 3426 1260 3490 spero,
1275 3405 1367 3489 quod
1379 3405 1468 3472 bene
1480 3423 1562 3470 suc-

333 3519 457 3584 cedent
472 3537 551 3583 cum
567 3517 632 3585 Dei
648 3516 771 3604 gratia.
791 3517 982 3604 Herbipoli,
1000 3518 1100 3586 nonis
1117 3519 1279 3588 Octobris
1298 3519 1394 3603 1562.
1418 3517 1440 3606 †
1464 3519 1568 3585 Tuus

336 3631 373 3698 in
389 3634 456 3699 X.0
472 3653 606 3710 seruuS,

1113 3749 1383 3952 mapsa

390 4095 397 4128 ¹
436 4092 599 4164 Gregorius
613 4093 733 4166 Fabius,
747 4093 838 4150 frater
856 4093 977 4166 Joannis
996 4095 1079 4151 Fabii
1101 4098 1188 4168 paulo
1210 4103 1278 4151 ante
1300 4095 1463 4152 memorati.
1486 4093 1569 4150 Vide

334 4180 461 4253 append.
476 4183 534 4238 loc.
553 4182 604 4238 cit.

387 4272 400 4305 ¹
437 4270 614 4328 Lambertus
628 4272 719 4344 Auer,
733 4271 771 4328 de
783 4289 842 4344 quo
854 4272 967 4328 dictum
980 4282 1026 4328 est
1038 4273 1068 4329 in
1082 4282 1104 4330 t.
1119 4275 1143 4343 l,
1157 4272 1210 4328 308
1225 4281 1256 4329 et
1268 4271 1331 4328 318.

390 4359 402 4392 ⁸
438 4357 514 4414 Cum
527 4359 561 4415 P.
576 4360 685 4416 Fabius
703 4379 825 4417 munere
843 4361 948 4417 decani
965 4360 1115 4418 facultatis
1133 4362 1239 4418 artium
1256 4361 1431 4434 fungeretur
1449 4379 1467 4416 a
1482 4361 1530 4416 die
1547 4377 1574 4430 9

335 4445 475 4504 Octobris
487 4448 574 4520 hujus
588 4450 657 4505 anni
670 4467 762 4524 usque
776 4449 813 4504 ad
825 4466 842 4520 9
855 4448 995 4508 Octobris
1008 4451 1076 4507 anni
1090 4452 1254 4524 sequentis,
1271 4451 1394 4508 Colonia
1410 4449 1572 4506 discedere

335 4551 394 4590 non
407 4542 535 4606 poterat.
553 4537 629 4594 Vide
646 4539 792 4609 Hausuu,
815 4541 874 4594 loc.
897 4539 960 4608 cit.;
984 4557 1055 4613 pag.
1081 4538 1145 4610 438,
1168 4548 1272 4596 annot.
1301 4553 1327 4604 1,
1350 4549 1381 4595 et
1397 4539 1569 4608 catalogum

333 4621 511 4679 decanorum
540 4625 689 4682 facultatis
714 4627 820 4683 artium
846 4626 1048 4684 universitatis
1072 4628 1251 4684 coloniensis
1279 4627 1446 4700 15561582,
1472 4625 1571 4697 ibid,

331 4728 404 4783 pag.
421 4711 488 4781 788.
