3464 5386
710 388 817 444 Ειιετ.
841 389 877 445 Ρ.
901 387 1104 460 Ninia-317
1122 401 1163 446 nr
1181 387 1234 444 318

930 646 1012 708 atr

740 794 920 868 Josunes
938 797 992 852 os
1010 794 1199 858 POLANCO

841 955 878 992 ex
896 937 1101 994 commissione

554 1081 739 1148 PATRI
773 1081 1146 1151 HIERONYMO
1181 1084 1390 1151 NADAL

719 1253 880 1313 rarorum,
900 1253 916 1312 5
935 1253 1091 1300 ocroears
1113 1241 1181 1312 1563
1204 1243 1226 1301 ¹.

358 1375 443 1432 Liber
459 1374 673 1430 exercitiorum
689 1374 903 1447 spiritualium
919 1375 1079 1431 excuditur
1103 1377 1303 1432 Vindobouae:
1321 1377 1381 1432 duo
1402 1377 1575 1433 corviam

857 1468 940 1536 peste
957 1463 1078 1537 infecti.

368 1567 371 1574 Δ
425 1593 480 1658 De
495 1588 629 1658 Vienna
644 1587 758 1657 sedne
772 1589 805 1658 el
821 1599 927 1657 rettor
942 1585 1036 1675 que⁸
1055 1611 1100 1656 ua
1115 1590 1271 1658 adelante
1285 1591 1319 1658 la
1335 1601 1467 1676 stampe
1477 1589 1577 1660 delos

358 1703 540 1773 exercitios
561 1703 587 1784 ³,
608 1727 632 1790 y
655 1703 820 1771 demanda
839 1709 986 1789 quintos
1008 1702 1198 1772 uolitmines
1218 1727 1256 1774 se
1276 1704 1449 1772 embiartn
1470 1709 1490 1771 e
1513 1725 1577 1772 una

363 1832 460 1907 parte
487 1842 510 1906 y
537 1827 622 1885 otra.
646 1819 837 1888 Scriuesele
857 1821 993 1888 embien
1020 1817 1133 1886 ciento
1160 1825 1181 1885 a
1207 1819 1352 1887 Venetia
1375 1843 1458 1906 para
1476 1818 1575 1886 italie.

363 1937 406 2002 V.
428 1937 469 2003 R.
488 1935 521 2002 le
536 1933 632 2004 auise
647 1935 691 2003 de
706 1933 757 2000 los
772 1955 840 2019 que
854 1936 889 2003 le
903 1955 1024 2021 parece
1039 1935 1128 2020 haya
1143 1936 1187 2006 de
1201 1931 1330 2002 embiar
1345 1957 1425 2022 para
1440 1937 1489 2002 las
1503 1956 1578 2022 pro-

361 2049 495 2117 uincias
510 2051 554 2116 de
570 2049 713 2117 Francia
727 2071 750 2135 y
766 2048 956 2129 Alemania,
975 2072 997 2136 y
1013 2049 1172 2120 scriunse
1186 2051 1232 2116 ha
1248 2056 1268 2117 a
1288 2050 1341 2118 los
1360 2049 1580 2136 prouinciaies

363 2167 408 2235 de
423 2167 564 2252 Spanna
579 2185 648 2250 que
662 2165 781 2234 auisen
797 2171 942 2251 quantos
964 2164 1104 2251 quieren
1123 2165 1240 2232 dellos.
1264 2165 1385 2235 Scriue
1403 2167 1435 2233 ei
1456 2185 1580 2233 mesmo

362 2289 469 2348 rettor
485 2300 553 2365 que
567 2281 632 2348 dos
647 2281 691 2348 de
706 2281 757 2346 los
772 2278 987 2347 conuictores
1010 2279 1166 2348 italianos
1185 2301 1222 2347 se
1242 2283 1311 2348 han
1331 2280 1537 2360 enfermado,
1561 2284 1581 2344 t

362 2394 395 2463 lo
411 2416 478 2481 que
492 2396 543 2463 les
557 2415 691 2482 parece,
709 2395 752 2461 de
767 2405 876 2481 peste,
895 2418 917 2482 y
933 2395 1078 2480 quelo⁴
1099 2433 1139 2444 -
1153 2390 1198 2445 '-

608 2797 658 2861 P.
696 2796 1105 2865 HIERONYMUS
1136 2797 1346 2864 NADAL

745 2953 865 3010 ιιιτιιι
884 2953 1040 3027 Jscoeo
1060 2955 1204 3012 cornaz

565 3108 757 3165 OENIPONTE,
775 3096 804 3168 6,
822 3110 850 3167 7,
873 3110 917 3166 ro,
939 3096 972 3153 13
991 3111 1031 3153 er
1052 3111 1084 3168 14
1103 3111 1258 3155 ocroanrs
1279 3097 1347 3169 1563
1365 3101 1386 3153 ⁸.

468 3219 514 3276 De
536 3219 659 3276 Natalis
680 3221 850 3278 ministerio
872 3223 906 3277 iu
927 3223 1062 3296 collegiis
1085 3221 1268 3279 Germaniae
1290 3223 1481 3278 ordinandis:

764 3311 800 3366 de
814 3307 966 3386 Gregorio
979 3309 1117 3384 Roseffio,
1131 3319 1191 3367 etc.

433 3435 593 3502 Natalem
617 3437 795 3522 scripsisse
814 3436 930 3502 diebus
941 3439 963 3502 6
975 3441 1006 3502 et
1019 3451 1039 3518 7
1055 3436 1209 3504 Octobris
1220 3438 1270 3502 ait
1281 3438 1454 3504 Polanars
1466 3438 1502 3503 irs
1513 3439 1586 3523 epi-

362 3551 451 3617 stola
475 3551 542 3635 ipsi
563 3551 679 3617 Nadal
698 3551 780 3616 data
802 3567 844 3618 ιι
868 3551 1022 3619 Octobris
1046 3555 1111 3636 156
1113 3567 1144 3637 5,
1170 3551 1228 3618 uti
1258 3553 1425 3640 Gregorii
1446 3551 1588 3640 Roseffii

421 3714 429 3744 ¹
466 3711 511 3765 Ex
523 3709 664 3782 nigesio,
681 3708 755 3766 Cod.
774 3723 807 3780 33
820 3709 863 3782 d),
878 3710 932 3766 iol.
950 3722 1002 3780 257
1015 3727 1045 3765 v.
1059 3711 1093 3766 in
1107 3711 1248 3782 margine:
1264 3711 1301 3766 P.
1312 3710 1417 3769 Natal.

420 3803 431 3834 ¹
469 3799 537 3866 Me,
554 3799 614 3854 clu.

421 3889 432 3921 ⁵
468 3887 546 3942 Vide
558 3887 647 3958 epist.
666 3887 728 3951 261,
743 3903 776 3942 n.
795 3899 820 3955 13
835 3887 898 3960 280,
912 3905 941 3944 n.
959 3901 985 3956 13
999 3887 1062 3958 283,
1076 3906 1106 3945 n.
1120 3887 1147 3957 33
1161 3895 1193 3944 et
1210 3887 1273 3959 288,
1286 3907 1317 3944 ιι.
1335 3887 1363 3944 8.
1377 3887 1472 3960 Hujus
1485 3886 1589 3944 editio

367 3977 413 4032 nis
431 3976 498 4032 libri
515 3975 722 4032 exercitiorum
739 3975 918 4032 mentionem
940 3975 1010 4033 iecit
1032 3971 1281 4045 Sottttsssvodn,
1304 3977 1487 4050 Bibliolique
1499 3977 1540 4034 de
1560 3978 1589 4033 le

370 4064 474 4137 Comp.
488 4065 577 4137 des„
596 4067 687 4120 verbo
708 4064 827 4137 Loyola,
842 4065 892 4122 ubi
911 4067 983 4121 haec
997 4067 1099 4122 habes:
1120 4065 1284 4122 «Exercitie
1302 4067 1464 4140 spiritualia
1480 4067 1515 4123 R.
1534 4067 1591 4123 Ad·

369 4153 485 4211 modum
498 4155 528 4210 in
540 4153 660 4209 Christo
677 4162 759 4226 petre
777 4161 887 4222 nostro,
906 4155 946 4209 M.
965 4154 1079 4226 Ιςιιετὶο
1092 4154 1130 4210 de
1147 4155 1267 4227 Loyoie,
1283 4153 1439 4212 Societatis
1453 4155 1520 4212 Iesu
1542 4157 1591 4212 In-

366 4243 516 4314 stitutore,
527 4251 557 4298 et
569 4242 663 4314 primo
676 4242 815 4299 Genereli
825 4243 1006 4316 Praeposito,
1021 4251 1151 4299 auctore.
1166 4243 1298 4300 Viennae
1311 4245 1459 4317 Austriee,
1473 4245 1503 4302 in
1511 4243 1592 4302 sedt-

365 4331 455 4387 dibns
468 4330 755 4404 Caesareiilollegij,
765 4331 861 4388 dictae
872 4333 1029 4388 Societatis
1040 4335 1126 4389 Anno
1136 4333 1196 4389 nni
1208 4331 1287 4405 1563,
1298 4341 1358 4405 pet.
1372 4333 1480 4407 12.·‚ff.
1494 4347 1592 4404 1413-

367 4423 388 4477 ὰ
402 4423 433 4478 la
441 4422 501 4494 fia·
514 4423 692 4495 Impressum
705 4440 773 4478 cum
786 4423 918 4494 legitima
932 4424 1050 4480 licentia
1062 4423 1110 4480 die
1124 4437 1167 4479 ιιι
1179 4423 1317 4483 Octobris
1329 4437 1362 4480 ιι.
1376 4439 1410 4485 n.
1422 4437 1523 4481 tm.»

424 4513 436 4545 ⁴
473 4510 645 4578 lindesiam,
660 4511 836 4585 incompleta
848 4513 1011 4586 sententie.
1020 4513 1096 4569 Vide
1108 4514 1195 4586 epist.
1210 4512 1274 4584 315,
1287 4532 1319 4570 n.
1336 4513 1366 4571 6.

425 4603 436 4634 ⁵
472 4603 517 4656 Ex
530 4600 616 4674 epist.
627 4599 693 4673 320,
703 4619 732 4656 n.
745 4614 772 4670 23
783 4599 848 4674 323,
858 4620 888 4657 n.
902 4615 926 4670 13
938 4600 1001 4671 325,
1015 4621 1045 4658 n.
1059 4615 1084 4670 13
1098 4611 1179 4658 etex
1192 4601 1264 4658 Cod.
1279 4602 1371 4668 PLB,
1383 4604 1439 4659 loc.
1454 4601 1531 4660 inire
1543 4601 1592 4658 cit.
