3544 5390
375 477 430 534 ⁶22
847 475 951 530 Erusr.
971 473 1005 528 Ρ.
1025 473 1139 530 Naum

377 628 555 732 expeditus
570 638 673 708 esset,
696 648 736 694 ac
756 645 1036 713 unumquemque
1056 625 1113 702 sui
1133 627 1238 694 officii
1257 639 1415 698 aremare
1434 641 1606 710 moneret,

376 739 507 786 ammos
522 716 675 784 omnium
691 717 734 784 ad
749 713 928 786 Societatis
944 713 1138 782 institutum
1153 715 1309 788 celeriter
1323 726 1500 787 reuocaret
1509 727 1547 784 et
1559 719 1608 784 ad

377 805 661 876 constitutionum
678 803 952 874 obseruationem
967 802 1150 890 diligenter
1170 817 1390 891 prouocaret:
1410 805 1523 892 potius
1548 815 1604 874 ta-

377 918 457 966 men
471 895 554 963 dum
569 897 655 963 haec
666 895 826 974 efficeret,
841 890 968 971 suauis,
983 891 1165 974 iucundus,
1178 893 1307 975 hilaris,¹
1318 896 1429 962 laetus
1439 914 1480 960 ac
1492 893 1605 960 facilis

376 1006 452 1053 esse
468 1005 569 1069 quam
585 983 678 1050 aliud
689 1003 793 1069 agere
809 981 994 1050 uideretur.
1008 981 1115 1047 Nouit
1130 1003 1255 1068 magna
1270 991 1344 1051 arte
1357 981 1499 1050 afflictos
1513 1003 1602 1049 con-

376 1072 488 1154 solari,
503 1093 648 1159 pressoS,
663 1081 697 1140 et
713 1069 772 1157 qui
785 1069 906 1156 pusillo
921 1078 1002 1134 sunt
1017 1068 1130 1136 animo
1144 1070 1345 1139 dexteritate
1361 1070 1549 1138 admirabili
1566 1070 1603 1138 in

376 1161 536 1228 maiorem
549 1159 699 1227 animum
711 1158 854 1245 erigere,
869 1155 1032 1225 tardiores
1043 1157 1195 1226 suauiter
1206 1159 1389 1245 impellere,
1403 1157 1600 1243 celeriores,

376 1271 420 1316 ne
436 1249 649 1336 frangantur,
663 1259 735 1314 arte
750 1247 896 1332 quadam
912 1244 1090 1313 moderari:
1110 1246 1290 1334 tepidiores
1305 1247 1526 1330 inflammare,
1545 1247 1604 1314 in·

347 1339 355 1356 “
374 1340 565 1404 flammatos
591 1355 812 1415 conseruare,
835 1333 995 1401 omnibus
1013 1334 1161 1419 denique
1180 1335 1294 1402 omnia
1313 1337 1403 1418 fieri,
1428 1347 1462 1405 et
1483 1347 1603 1406 tamen

374 1425 464 1494 idern
476 1445 614 1511 prorsus
626 1444 775 1506 manere,
788 1444 829 1490 ac
845 1421 987 1510 genuini
999 1422 1180 1492 Societatis
1190 1425 1329 1510 spiritus
1340 1423 1475 1511 insigne
1486 1424 1602 1510 speci-

375 1535 452 1582 men
465 1513 664 1601 exprimere.
680 1513 723 1578 Et
737 1522 774 1577 ut
785 1511 968 1598 collegium
980 1510 1108 1579 rectius
1120 1511 1323 1594 institueret,
1332 1511 1601 1581 eonsuetudines

374 1602 505 1688 aliquas
525 1601 592 1669 iam
608 1600 768 1680 aboleuit,
787 1601 912 1666 multas
932 1600 1156 1680 confirmauit,
1174 1622 1214 1667 ac
1230 1603 1409 1669 nonnullas
1425 1599 1526 1670 etiam
1542 1602 1600 1668 in·

374 1691 536 1772 troduxit;
556 1688 702 1770 tametsi,
717 1710 804 1774 quae
820 1688 1000 1775 praecipua
1012 1700 1120 1769 erant,
1135 1710 1203 1756 non
1216 1689 1380 1776 attigerit,
1395 1691 1486 1774 quod
1502 1689 1601 1776 prius

373 1800 540 1881 pragense
557 1777 738 1864 collegium
751 1777 997 1863 inspiciendum
1013 1799 1089 1846 esse
1103 1776 1278 1859 iudicaret,
1293 1779 1463 1847 rediturus
1475 1779 1520 1846 ad
1531 1799 1598 1846 nos

373 1869 464 1948 mde,
488 1875 526 1934 ut
546 1888 634 1954 quae
655 1867 712 1932 hie
738 1887 778 1932 ae
799 1866 834 1932 in
858 1876 929 1932 tota
952 1868 1016 1933 hac
1037 1865 1211 1952 prouincia
1230 1866 1415 1934 constituta
1441 1866 1596 1934 nondum

373 1966 482 2036 erant,
500 1955 689 2023 absolutius
704 1954 941 2022 conficiantur.

439 2045 703 2128 Decimoquarto
718 2044 877 2110 calendas
893 2042 973 2128 Maji
988 2041 1136 2108 instituit
1152 2045 1193 2110 R.
1213 2046 1253 2110 Ρ.
1268 2042 1518 2110 commissarius
1529 2065 1597 2111 uo-

373 2143 485 2200 torum
500 2131 768 2212 innouationem,
786 2153 874 2216 quae
885 2134 950 2197 hoc
962 2130 1127 2197 celebrior
1139 2131 1215 2211 fuit,
1229 2133 1321 2216 quod
1333 2132 1594 2216 quatuordecim

373 2221 496 2288 nouitii
516 2243 585 2289 non
605 2220 653 2292 ita
673 2221 781 2288 multo
801 2232 881 2288 ante
901 2240 921 2286 e
940 2220 1043 2285 dom'o
1064 2219 1270 2305 probationis
1297 2219 1428 2302 educti,
1450 2241 1595 2288 suorum

372 2320 532 2377 uotorum
549 2308 713 2396 primitias
729 2331 770 2376 eo
786 2319 937 2394 tempore
949 2308 1169 2376 celebrarent.
1184 2307 1312 2374 Attulit
1322 2312 1408 2376 haec
1419 2330 1473 2376 res
1484 2311 1595 2376 omni·

369 2399 435 2464 bus
451 2419 611 2484 magnam
626 2396 791 2484 imprimis
806 2396 1083 2464 consolationem.
1099 2398 1364 2465 Praecesserunt
1378 2409 1492 2464 autem
1508 2401 1595 2466 haec

369 2497 462 2568 uota,
486 2509 548 2572 pro
570 2485 750 2556 Societatis
770 2485 1017 2553 consuetudine
1036 2483 1213 2566 laudabili,
1231 2485 1507 2554 mortificationes
1530 2509 1594 2554 ua·

368 2575 449 2642 riae:
469 2597 508 2642 ac
524 2585 657 2660 praeter
672 2575 818 2660 flagella,
836 2573 932 2639 licuit
947 2572 1133 2659 aliquibus,
1156 2573 1361 2641 nouitiorum
1383 2595 1475 2640 more
1491 2574 1593 2642 uiue-

367 2685 416 2745 re,
434 2663 508 2731 aliis
524 2674 710 2751 emptorem
726 2685 786 2748 per
801 2662 973 2731 ciuitatem
991 2660 1099 2747 sequi,
1117 2681 1157 2727 ac
1171 2683 1260 2746 quae
1274 2662 1435 2730 emissent
1450 2663 1591 2730 domum

368 2754 468 2832 ferre,
486 2751 560 2818 aliis
581 2752 722 2820 asellum
742 2762 867 2818 onusto
887 2750 1001 2817 currui
1022 2750 1176 2816 iunctum
1197 2773 1257 2836 per
1277 2751 1450 2818 ciuitatem
1471 2773 1590 2838 agere,

308 2892 312 2904 .
366 2840 441 2908 aliis
456 2863 518 2926 pro
530 2839 675 2926 captiuis
686 2839 924 2908 eleemosinam
937 2850 1063 2924 petere,
1079 2837 1152 2906 aliis
1165 2838 1318 2906 uestibus
1332 2839 1486 2907 laceratis
1498 2841 1592 2908 domi

366 2929 427 3009 uti,
446 2929 520 2996 aliis
535 2928 697 2996 exercitia
711 2927 899 3016 spiritualia
913 2927 1040 3010 subire,
1058 2925 1241 3008 aliisalias,
1256 2948 1295 2993 ac
1308 2950 1379 2995 non
1391 2929 1503 2996 minus
1519 2930 1591 2996 uti—

365 3019 418 3086 les
428 3039 529 3102 quam
541 3018 816 3084 accommodatas
828 3016 1106 3084 mortificationes
1118 3015 1375 3102 suscipere,qua
1387 3016 1423 3083 in
1431 3037 1467 3084 re
1479 3037 1592 3103 usque

364 3127 405 3174 eo
420 3107 611 3192 flagrabant
627 3127 757 3186 omneS,
777 3116 815 3172 ut
826 3105 978 3192 grauiter
990 3105 1117 3186 ferrent
1129 3105 1265 3189 quando
1277 3107 1318 3172 R.
1335 3109 1375 3174 Ρ.
1391 3106 1592 3174 commissa-

363 3194 436 3260 rius
451 3195 579 3262 diceret
596 3196 684 3262 uelle
699 3215 737 3262 se
753 3194 931 3280 indulgere
943 3193 1036 3279 ipsis,
1052 3214 1180 3277 eosque
1190 3193 1420 3280 poenitentiis,
1435 3215 1593 3280 praeser-

365 3281 424 3349 tim
451 3282 648 3368 disciplinis,
672 3304 741 3349 non
761 3304 923 3368 grauare,
947 3283 1038 3366 quod
1059 3281 1213 3368 germani
1238 3293 1370 3364 essent;
1394 3304 1462 3368 quo
1481 3285 1592 3352 uerbo

364 3391 482 3438 omnes
509 3370 688 3452 commoti,
711 3371 890 3457 indignum
912 3392 988 3440 esse
1009 3370 1210 3450 credebant,
1236 3370 1450 3458 indulgentia
1471 3393 1591 3440 secum

363 3459 422 3546 agi
436 3481 477 3528 ea
491 3472 600 3546 parte,
618 3459 698 3545 quia
714 3460 842 3526 nollent
859 3459 935 3526 ullis
952 3459 986 3526 in
1007 3457 1178 3528 Societate
1197 3479 1274 3527 esse
1289 3459 1476 3542 inferiores;
1502 3481 1591 3546 qua-

363 3569 412 3630 re,
435 3548 567 3616 tametsi
588 3546 715 3634 singuli
737 3549 850 3634 plures
874 3570 913 3616 ac
940 3547 1177 3634 grauiusculas
1203 3547 1429 3634 poenitentias
1456 3547 1588 3635 pridem

326 3669 332 3682 ·
362 3637 604 3724 suscepissent,
624 3647 661 3702 ut
678 3647 792 3706 tamen
808 3636 934 3722 aliquid
954 3635 1056 3703 etiarn
1076 3635 1231 3723 germani
1252 3637 1395 3704 feruoris
1418 3647 1589 3705 testaren-

364 3736 431 3808 tur,
449 3747 518 3811 quo
538 3725 660 3811 partim
683 3725 776 3792 Patri
796 3726 932 3794 abunde
951 3725 1197 3806 satisfacerent,
1219 3725 1341 3811 partim
1362 3725 1464 3793 etiam
1484 3746 1524 3794 se
1543 3729 1588 3794 ad

363 3826 520 3881 votorum
537 3813 793 3883 renouationem
808 3813 930 3882 melius
945 3823 1195 3900 praepararent,
1213 3815 1369 3882 confecto
1390 3837 1468 3882 cum
1484 3815 1588 3882 noui-

363 3902 488 3970 tiorum
504 3913 576 3968 tum
595 3903 735 3970 fratrum
756 3903 861 3988 longo
875 3903 1043 3988 catalog0,
1070 3923 1215 3986 quorum
1234 3901 1361 3989 singuli
1383 3903 1588 3990 flagellatio-

363 4012 424 4058 nes
440 4002 606 4076 peterent,
623 3994 758 4059 Patrem
770 3991 910 4074 adeunt,
924 4011 964 4057 ac
977 4000 1109 4056 tantum
1122 4002 1256 4077 rogant,
1273 4002 1310 4058 ut
1321 3991 1394 4078 ipse
1409 4013 1478 4060 non
1491 4001 1561 4060 tam
1578 3995 1588 4028 ¹

364 4079 578 4166 indulgentia
598 4079 742 4166 amplius
761 4079 957 4164 oonniuere,
981 4099 1096 4164 quam,
1119 4081 1210 4164 quod
1232 4079 1372 4146 nimium
1399 4089 1588 4168 peteretur,
1660 4101 1666 4113 ·

364 4189 521 4237 recusare
537 4167 650 4254 potius
671 4167 884 4236 uideretur...

490 4259 594 4324 Facta
610 4256 711 4325 etiam
729 4257 794 4324 illis
807 4253 978 4344 [externis]
996 4277 1122 4342 magna
1138 4256 1266 4322 cumuli
1280 4254 1416 4324 maioris
1430 4257 1592 4324 deuotio-

365 4344 418 4413 nis
433 4345 582 4414 accessio
597 4359 662 4428 est,
677 4345 767 4431 quod
780 4347 819 4412 R.
833 4348 874 4412 Ρ.
889 4344 1139 4412 commissarius
1155 4346 1359 4426 mandasset,
1374 4345 1504 4411 romani
1516 4347 1592 4414 col·

364 4433 445 4520 legii
460 4457 564 4517 more,
575 4433 725 4501 officium
737 4435 969 4502 hebdomadae
981 4443 1098 4502 sancte
1109 4433 1312 4501 suauissima
1322 4433 1591 4520 appositissima-

418 4627 428 4664 Ι
464 4629 546 4685 Haec
559 4629 699 4703 particula
712 4629 811 4686 addita
823 4627 879 4685 fuit
892 4630 951 4719 aP3
967 4629 1104 4685 Polanco.
