3604 5380
818 440 883 510 1561
1425 441 1463 512 73

226 590 356 678 spondi
371 591 628 683 dificultatibus.
648 593 883 662 constituerat
904 595 945 660 P.
964 593 1168 662 Franciscus
1182 593 1240 661 hic
1259 603 1455 680 expectare,

228 708 345 776 donec
361 729 441 795 ego,
459 709 604 778 veniens
618 709 653 775 in
669 709 867 790 Castellam,
884 708 1035 776 viderem
1054 707 1160 801 [quid]
1175 709 1223 776 illi
1239 720 1331 779 esset
1350 731 1458 799 agen-

231 823 331 889 dmn.
350 825 395 890 Et
415 845 483 911 ego
503 824 640 911 quidem
665 826 754 894 bene
777 826 967 911 sperabam,
990 835 1030 890 vt
1052 845 1197 912 semper.
1220 825 1373 895 Deduxit
1391 849 1459 908 me,

232 939 420 1006 abeuntem
441 939 684 1021 Conimbriam,
707 941 751 1007 ad
772 939 1014 1008 monasterium
1036 941 1092 1010 del
1115 941 1278 1024 Pedros0,
1299 943 1343 1008 ad
1360 960 1379 1008 2
1396 941 1461 1010 mi-

227 1053 339 1121 liaria.
358 1057 397 1124 ln
411 1058 478 1122 hoc
492 1057 599 1124 multa
613 1055 699 1122 dixit
710 1058 754 1124 de
770 1055 929 1137 Araozi0,
943 1066 1011 1124 etc.

302 1172 381 1238 Non
397 1171 518 1240 censui
532 1193 608 1240 esse
627 1171 892 1259 pemrittendum
912 1181 950 1236 vt
970 1172 1110 1239 Goueas
1130 1170 1273 1260 (etiamsi
1293 1171 1463 1260 legittime

229 1285 267 1351 id
282 1285 423 1372 posset),
441 1286 559 1355 relicta
574 1308 692 1369 vxore,
714 1287 923 1373 reciperetur
942 1287 984 1352 ad
998 1285 1217 1367 Societatem,
1239 1286 1298 1353 vbi
1314 1286 1381 1356 iam
1396 1291 1460 1355 ha-

226 1401 336 1470 bebat
353 1421 372 1485 3
388 1402 491 1470 filios.
510 1404 588 1470 Non
603 1403 771 1471 habebam
788 1403 993 1487 exemplum,
1012 1413 1047 1468 et
1063 1422 1132 1468 non
1148 1404 1353 1488 putabamus
1367 1403 1457 1470 bene

225 1516 545 1598 esseaudituros,si
557 1517 593 1584 id
604 1518 713 1586 fieret.
736 1518 742 1606 Ι
761 1515 914 1583 indicaui
926 1515 1043 1584 vtilius
1054 1515 1083 1583 si
1091 1518 1213 1585 domus
1224 1516 1282 1584 illa
1293 1527 1460 1604 portuen-

228 1629 279 1698 sis
290 1631 392 1699 fieret
401 1653 558 1700 secessus
570 1631 707 1718 quidam
719 1654 782 1720 pro
794 1631 1101 1701 conimbriensibus
1111 1625 1379 1720 valetudinarijs,
1388 1643 1457 1701 etc.

304 1812 382 1879 tut
743 1831 969 1880 conrusnmu

303 1979 372 2047 Hic
391 1991 464 2050 erat
489 1983 530 2048 P.
553 1979 701 2049 Michael
720 1982 763 2047 de
783 1981 869 2049 Sosa
900 1990 1023 2048 rector.
1051 1979 1196 2046 Inferius
1219 1975 1293 2071 [sic]
1312 1979 1460 2068 collegio

231 2097 274 2164 P.
296 2095 491 2183 Cyprianus
507 2097 630 2165 rector.

299 2213 342 2278 Ρ.
361 2211 472 2280 Miron
488 2210 613 2279 missus
629 2212 741 2280 fuerat
756 2211 791 2277 in
808 2233 952 2298 regnum
965 2209 1162 2298 Aragoniae
1173 2231 1194 2278 a
1207 2212 1247 2276 P.
1261 2211 1289 2276 F
1290 2209 1456 2294 rancisco,

228 2337 269 2392 vt
297 2337 390 2395 esset
412 2324 643 2413 prouincialis;
670 2325 802 2395 obierat
828 2327 919 2395 enim
947 2327 988 2392 P.
1015 2308 1151 2406 Banna,
1175 2325 1249 2408 sed,
1278 2324 1460 2412 designato

229 2446 274 2510 P.
299 2442 478 2523 cordesio,
507 2441 620 2510 Miron
640 2441 705 2508 suit
731 2441 854 2510 missus
879 2441 1055 2524 Mursiam,
1076 2442 1168 2508 vnde
1192 2439 1258 2507 suit
1277 2451 1461 2508 reuocatus

228 2556 478 2638 Conimbriam,
495 2567 534 2624 vt
549 2567 669 2644 ageret
683 2555 1031 2644 superintendentem,
1049 2557 1143 2643 quod
1158 2556 1263 2642 prius.

301 2671 383 2752 Hic,
411 2681 550 2758 propter
576 2671 841 2753 mrdtitudinem,
866 2681 904 2737 vt
931 2692 1152 2758 agnoscerem
1175 2692 1306 2752 omnes,
1324 2671 1458 2759 incoepi

227 2789 319 2855 illud
334 2787 529 2855 institutum
545 2797 673 2868 tenere,
689 2797 728 2853 vt
743 2788 954 2855 comederem
971 2786 1007 2853 in
1027 2786 1185 2854 cubiculo
1205 2784 1355 2874 quidem,
1373 2786 1459 2854 nihil

229 2914 332 2974 extra
346 2903 501 2971 ordinem
522 2914 648 2986 tamen,
672 2915 708 2971 et
726 2924 860 2971 mecum
876 2903 978 2989 aliquj
1000 2925 1043 2971 ex
1059 2903 1221 2970 Patribus
1245 2912 1280 2971 et
1296 2901 1458 2970 fratribus

228 3041 294 3107 per
309 3020 404 3105 vjces
423 3021 444 3086 ¹.

298 3136 433 3223 Egebat
456 3135 679 3204 renouatione
705 3137 774 3203 hoc
796 3135 993 3222 collegium,
1028 3144 1066 3200 vt
1088 3133 1296 3221 scripserant
1318 3135 1362 3202 ad
1385 3138 1455 3202 Pa-

227 3261 332 3333 trem,
353 3249 360 3340 Ι
379 3261 559 3338 propterea
570 3271 750 3320 necessum
762 3249 827 3316 fuit
839 3250 968 3317 diutius
978 3249 1035 3316 hic
1047 3252 1244 3330 haerere,et
1255 3249 1456 3338 diligentius

227 3387 348 3454 agere,
362 3367 455 3453 quod
464 3365 567 3434 etiam
579 3365 762 3434 multitudo
773 3366 962 3454 flagitabat.
974 3367 1053 3434 Non
1064 3366 1220 3452 placebat
1232 3366 1408 3446 Andrada,
1420 3375 1456 3432 et

226 3481 382 3566 fortas's,
398 3482 487 3549 male
502 3481 567 3548 sibi
583 3482 752 3564 conscius,
769 3481 926 3550 discessit
947 3482 1152 3548 clanculum.
1174 3479 1313 3567 Quibus
1332 3479 1456 3550 diebus

228 3597 379 3685 primum
395 3619 556 3666 veneram
572 3617 626 3678 e0,
643 3597 745 3680 etiam
762 3597 955 3665 accuratius
971 3598 1051 3665 data
1066 3606 1120 3666 est
1134 3617 1238 3683 opera
1253 3597 1296 3662 ad
1316 3595 1456 3684 spiritus

228 3723 270 3780 et
283 3733 398 3779 rerum
413 3711 565 3779 omnium
585 3712 853 3781 renouationem.
876 3712 1012 3799 incoepi
1028 3710 1135 3799 igitur
1154 3711 1280 3778 habere
1294 3713 1457 3781 exhorta-

229 3826 357 3908 tiones,
365 3827 490 3914 quibus
501 3829 587 3897 adeo
599 3829 739 3898 fuerunt
750 3827 885 3897 accensi
896 3838 935 3893 vt
947 3850 1072 3915 magna
1083 3835 1284 3913 sequeretur
1294 3825 1454 3908 mutatio,

227 3963 360 4030 magna
374 3943 587 4010 confirmatio
601 3944 689 4011 142
704 3943 905 4011 animorum:
923 3955 1041 4011 secuta
1056 3943 1211 4010 examina
1222 3953 1257 4011 et
1267 3941 1454 4011 confessio-

225 4079 294 4126 nes
309 4059 501 4146 generales,
515 4081 585 4127 non
597 4061 707 4126 solum
728 4062 771 4127 ab
786 4059 917 4142 vltima,
940 4060 1000 4127 sed
1016 4058 1083 4128 iam
1098 4057 1179 4129 inde
1198 4069 1377 4146 postquam
1392 4079 1455 4125 ve-

226 4183 352 4242 nerant
367 4176 411 4242 ad
427 4173 634 4244 Societatem
650 4175 674 4242 ¹.

297 4289 414 4357 Habui
429 4289 511 4359 item
531 4289 677 4358 subinde
702 4291 901 4362 collationes
919 4294 964 4360 de
978 4291 1032 4378 ijs,
1055 4285 1145 4378 quae
1168 4290 1320 4360 dixeram
1340 4288 1376 4356 in
1392 4311 1453 4358 ex-

289 4573 298 4604 ¹
335 4567 530 4642 succursus,
543 4569 603 4624 loc.
620 4569 685 4640 cit„
698 4587 728 4625 n.
745 4582 791 4640 14.
892 4625 896 4636 ,

287 4660 300 4693 ¹
336 4655 792 4732 Snccmnus,loc.cit.,n.15.
