3634 5396
767 478 934 534 Amanum
1407 487 1458 554 ⁶51
1473 526 1476 530 .

229 633 322 720 apud
338 633 422 700 tales
438 632 572 712 fratres,
595 651 699 717 aegre
719 629 975 698 satisfacturum
994 649 1083 714 esse,
1100 631 1190 700 sicut
1206 631 1333 701 rectius
1356 634 1457 702 etiam

233 725 334 789 Pater
350 719 602 788 commissarius
618 729 731 807 potest
746 718 911 803 iudicare,
929 741 1008 787 nam
1025 719 1141 789 multis
1157 720 1294 806 quidem
1305 724 1460 810 partibus

234 813 272 877 P.
291 809 503 878 Rabenstain
519 808 658 878 inferior
674 829 752 900 esse
766 807 913 876 videtur.

767 978 916 1044 XXXIV

631 1094 669 1148 B.
692 1091 845 1148 PETRUS
865 1091 1052 1148 CANISIUS

533 1213 683 1260 PATRI
730 1210 923 1272 Jacoso
970 1211 1158 1258 LAINEZ

566 1309 759 1393 Augustae,
776 1305 980 1393 ananuarii
998 1307 1081 1389 1564
1097 1309 1117 1372 ¹.

483 1422 539 1476 .De
553 1422 650 1476 variis
662 1420 798 1494 collegiis
810 1423 838 1474 et
848 1418 987 1490 personis
995 1421 1188 1491 provinciae.

296 1521 374 1587 Non
390 1518 486 1586 licuit
501 1517 584 1584 mihi
602 1519 689 1585 ultra
705 1517 847 1583 biduum
865 1511 1063 1602 lngolstadii
1075 1516 1210 1585 morari.
1226 1519 1306 1584 Huc
1318 1541 1389 1586 non
1403 1541 1457 1586 re-

226 1609 432 1675 currendum
450 1607 514 1673 fuit
531 1609 576 1674 ob
593 1628 718 1672 munus
734 1605 972 1673 concionandi:
990 1627 1090 1691 spero
1106 1620 1220 1675 autem
1238 1618 1315 1693 post
1330 1612 1457 1694 pascha

228 1697 390 1782 praestari
402 1719 485 1764 ame
494 1717 592 1782 posse
601 1694 826 1773 commodius,
837 1715 925 1778 quae
937 1695 981 1760 ad
991 1693 1220 1762 visitationem
1232 1696 1455 1783 collegiorum

226 1795 394 1872 spectant.
415 1786 600 1851 Excurram
619 1796 733 1852 tamen
752 1783 968 1850 Monachium
991 1793 1070 1850 ante
1090 1784 1399 1868 quadragesimam,
1419 1796 1458 1851 ut

227 1875 387 1960 audialm]
406 1873 475 1940 illic
495 1894 632 1960 quoque
656 1875 788 1953 fratres,
811 1871 869 1956 qui
886 1893 979 1938 nunc
999 1871 1109 1939 serius
1130 1885 1210 1938 vota
1226 1875 1453 1954 renovabunt,

227 1983 306 2030 cum
319 1975 397 2032 ante
409 1983 539 2049 paucos
551 1983 686 2030 menses
699 1961 788 2029 idem
803 1959 957 2043 fecerint,
972 1972 1152 2044 praesente
1167 1962 1233 2027 illis
1247 1965 1349 2030 Patre
1361 1984 1451 2029 com·

227 2051 392 2120 missario.
413 2054 632 2136 Acceperunt
648 2071 740 2116 nunc
756 2047 927 2116 Monachii
946 2049 1068 2115 missos
1084 2072 1126 2117 ex
1148 2051 1318 2135 Eniponto
1335 2053 1455 2120 Patres

229 2143 269 2207 P.
295 2140 517 2208 Laurentium
538 2151 573 2206 et
594 2141 635 2206 Ρ.
665 2138 919 2217 Theobaldum,
942 2137 1032 2204 sicut
1052 2138 1230 2204 constituit
1253 2141 1455 2208 Reverenda

231 2230 422 2298 Patemitas
440 2231 525 2296 Tua.

295 2320 420 2386 Rector
447 2317 698 2403 aenipontanus
723 2337 792 2382 non
813 2334 931 2400 parum
953 2313 1107 2400 angitur,
1138 2316 1230 2400 quod
1253 2315 1296 2382 sit
1315 2318 1456 2383 orbatus

227 2407 412 2492 praedictis
429 2405 603 2485 PatribuS,
622 2415 656 2473 et
672 2403 835 2473 maiorem
853 2403 888 2470 in
905 2405 1043 2468 modum
1059 2415 1160 2489 vrget
1175 2404 1202 2484 ¹,
1221 2415 1259 2470 ut
1275 2403 1322 2470 illi
1333 2406 1452 2472 redda-

230 2507 322 2562 tura
343 2493 641 2562 monachiensibus
664 2495 704 2559 P.
728 2491 912 2571 HenricuS,
935 2513 1036 2575 quem
1053 2494 1093 2557 P.
1118 2493 1248 2559 Natalis
1264 2493 1457 2580 designavit

223 2585 457 2652 coadiutorem
471 2585 510 2650 P.
525 2581 707 2662 Dominici,
723 2583 765 2647 ad
778 2580 926 2647 novitios
938 2578 1108 2648 Monachii
1120 2579 1246 2647 rectius
1258 2581 1456 2668 gubernan-

227 2674 301 2740 dos.
322 2675 414 2740 Idem
431 2685 542 2740 rector
558 2671 703 2738 subinde
724 2669 847 2755 repetit
867 2689 983 2736 secum
1000 2669 1247 2736 incommodius
1267 2669 1324 2756 agi
1345 2671 1453 2740 Aeni-

226 2762 332 2848 ponti,
351 2763 446 2830 velut
462 2760 542 2827 alibi
557 2760 664 2847 possit
680 2759 794 2827 sanius
811 2758 938 2838 vivere,
958 2768 992 2824 et
1008 2767 1060 2826 est
1080 2758 1136 2824 ille
1155 2759 1232 2844 plus
1248 2757 1329 2826 satis
1345 2760 1452 2845 pusil-

225 2851 372 2932 lanimis,
390 2850 522 2930 anxiuS,
541 2849 774 2929 meticulosus,
792 2846 1013 2933 suspiciosus
1031 2849 1234 2932 querulosus
1251 2850 1276 2929 ⁵,
1295 2869 1452 2916 necessa-

226 2940 297 3005 rius
314 2950 426 3006 tamen
444 2939 479 3004 in
494 2959 536 3006 eo
552 2939 641 3017 loco,
662 2949 699 3002 ut
715 2935 797 3002 mihi
814 2935 949 3022 quidem
963 2935 1109 3003 videtur.
1126 2935 1315 3022 Explieabit
1330 2940 1369 3004 Ρ.
1386 2939 1452 3004 Na·

227 3028 303 3095 talis
320 3027 418 3096 facile
434 3049 521 3112 quae
537 3029 578 3094 ad
597 3026 777 3112 collegium
794 3028 859 3091 hoc
875 3023 1087 3109 pertinent...
1112 3025 1213 3110 Quod
1236 3027 1278 3090 ad
1302 3026 1453 3094 rationes

225 3139 450 3202 expensarum
468 3115 600 3195 attinet,
620 3115 703 3181 nihil
718 3135 804 3200 opus
820 3124 873 3181 est
888 3116 956 3178 huc
973 3112 1106 3181 mittere
1121 3113 1343 3199 pecuniam...
1360 3115 1452 3183 Reli-

225 3227 327 3290 quam
345 3217 485 3292 partem,
508 3203 537 3272 si
558 3203 640 3289 quid
661 3202 759 3271 nobis
780 3202 1005 3268 exolvendum
1027 3199 1199 3288 superest,
1222 3201 1368 3270 libenter
1390 3206 1452 3270 da-

228 3317 304 3361 mus
320 3296 360 3361 P.
380 3293 493 3362 Natali
509 3295 553 3361 ad
568 3293 672 3359 libros
687 3292 892 3360 coemendos
909 3311 1048 3358 romano
1065 3291 1250 3378 collegio...

775 3465 910 3554 xxxv

497 3614 542 3669 P.
578 3609 812 3684 Jonuuss
843 3611 905 3665 os
936 3608 1179 3671 POLANCO

711 3735 749 3773 ex
762 3733 969 3772 commlSSlone

614 3846 722 3896 PATRI
742 3846 899 3894 NlCOLAO
916 3845 1061 3892 LANOYO

529 3956 674 4032 Romae,
716 3969 755 4038 19
792 3949 967 4018 Februarii
1003 3951 1086 4033 1564
1118 3951 1142 4015 ⁴.
1202 3994 1206 4006 ·

456 4079 580 4134 Natalis
592 4081 709 4150 semper
721 4075 823 4130 alacer
837 4075 870 4128 in
886 4073 1055 4129 Germania
1062 4073 1216 4144 juvanda.

346 4191 387 4256 El
399 4193 434 4255 Ρ.
448 4191 483 4254 M
488 4202 531 4254 .ῐο
547 4185 655 4252 Nadal
669 4204 771 4250 senza
783 4203 876 4250 esser
886 4181 1054 4248 solicitato
1066 4183 1085 4248 ἑ
1099 4184 1110 4216 ⁶
1123 4181 1167 4248 da
1179 4205 1216 4251 se
1228 4192 1337 4250 stesso
1348 4205 1454 4269 pron-

285 4375 293 4405 ¹
331 4371 375 4425 Ex
388 4367 555 4440 apographo
567 4364 680 4420 recenti
692 4379 751 4418 non
763 4370 809 4417 sat
822 4368 966 4428 accurato,
980 4361 1011 4415 in
1025 4359 1122 4434 Epist.
1140 4359 1269 4426 canati,
1284 4361 1308 4431 1,
1326 4373 1385 4431 127.

279 4445 291 4478 ¹
330 4441 454 4512 Apogr.,
468 4439 560 4510 viget.

280 4515 291 4546 ³
329 4509 650 4584 Apogr.,quaralosas.

279 4587 292 4690 ἒ
328 4584 372 4708 ξι
385 4583 527 4708 Repetam,
544 4577 619 4634 Cod.
639 4591 671 4648 33
685 4577 727 4648 e),
740 4574 797 4632 fol.
815 4587 863 4644 54.

360 4671 426 4723 a.,e
446 4693 453 4708 .
