3634 5396
798 403 963 459 Aaronom
1438 411 1492 482 659

266 553 438 624 Societate
453 573 555 640 quam
569 555 667 621 duos.
687 555 743 622 Ad
759 556 844 620 haec
864 555 1022 622 nolumus
1037 558 1150 642 plane,
1174 568 1212 624 ut
1232 567 1367 625 nostrae
1391 561 1489 628 aulae

266 643 423 710 homines
443 643 517 710 aliis
539 653 635 709 extra
656 643 859 712 Societatem
888 645 1120 712 sacerdotibus
1147 647 1386 728 confiteantur,
1405 650 1490 715 nulli

265 732 356 798 enim
379 731 436 819 (ita
456 731 570 818 agitur
591 753 645 800 res
665 731 700 798 in
723 740 840 798 nostra
859 732 1054 813 Germania,
1078 738 1163 820 proh
1183 735 1304 820 dolorl)
1320 738 1488 804 sacerdoti

265 820 440 889 fidendum
453 832 516 902 est3
531 820 611 905 quia
623 833 682 886 aut
694 819 728 885 in
740 821 808 888 fide
821 831 901 887 sunt
918 822 1067 924 suspecti
1080 845 1199 892 omnes
1212 826 1294 905 fere,
1309 836 1368 890 aut
1386 828 1490 912 (quod

265 910 394 976 clarum
411 920 463 978 est
478 908 646 994 omnibus)
662 908 792 975 indocti
814 919 849 975 et
868 909 1025 995 imperiti,
1045 933 1084 977 ac
1096 911 1171 1012 'uita
1188 913 1377 1014 scandalosi
1393 925 1485 997 sunt,

264 997 368 1064 immo
383 999 491 1064 multo
507 1019 565 1065 eos
582 997 727 1066 uideas
719 997 901 1082 meptiores
921 999 1051 1084 laycis
1042 999 1135 1086 ipsis,
1154 1001 1200 1066 ita
1222 1010 1270 1080 ut,
1293 1001 1351 1086 qui
1373 1003 1484 1070 adhuc

264 1085 422 1153 catholici
442 1099 539 1169 sunt,
561 1087 604 1152 ab
624 1085 818 1152 huiusmodi
841 1085 909 1152 sint
935 1087 1152 1155 auersissimi.
1183 1089 1319 1158 Multi'
1310 1113 1375 1156 ram
1403 1103 1485 1158 sunt

265 1198 307 1243 ex
322 1186 438 1243 nostro
454 1175 600 1262 gynecio
614 1186 649 1241 et
664 1177 753 1255 aula,
768 1176 826 1259 qui
838 1174 1012 1261 sepissime
1029 1199 1158 1244 sacram
1174 1178 1328 1263 synaxim
1345 1189 1485 1245 sumunt

266 1285 306 1330 ao
326 1263 417 1331 uitae
432 1264 542 1333 bonae
558 1263 727 1332 tramitem
748 1263 999 1350 ingrediuntur,
1017 1268 1109 1350 quod
1124 1288 1207 1334 sane
1222 1267 1314 1332 haud
1330 1267 1483 1350 fieret,
1457 1291 1486 1335 sr

265 1357 327 1419 hos
342 1355 429 1420 duos
451 1356 569 1420 Patres
589 1374 658 1419 non
678 1354 891 1420 haberemus.
916 1354 989 1418 Nec
1009 1353 1160 1440 cogitare
1181 1357 1284 1423 debet
1300 1358 1343 1422 D.
1364 1359 1405 1422 T.
1426 1377 1485 1424 eos

264 1443 354 1528 apud
370 1464 432 1509 nos
448 1441 561 1508 ocium
577 1463 680 1528 agere
695 1441 825 1507 inutile.
846 1442 1087 1512 Habent.sane
1102 1443 1185 1510 satis
1207 1465 1376 1529 superque
1393 1449 1484 1529 quod

262 1542 379 1616 agant,
399 1543 436 1597 ut
451 1531 575 1614 juuent
591 1530 781 1616 proximum
798 1537 1013 1614 quocumque
1029 1533 1166 1599 demum
1183 1542 1347 1598 terrarum
1364 1532 1484 1600 uenia-

263 1639 350 1701 mus,
374 1619 555 1705 praecipue
576 1632 690 1685 tamen
709 1619 762 1685 his
782 1618 985 1685 calamitosis
1006 1619 1130 1686 nostris
1152 1620 1377 1707 temporibuS,
1400 1643 1482 1688 eon·

262 1707 453 1788 cionantur,
476 1709 612 1788 docent,
636 1719 787 1787 monent,
806 1707 948 1773 audiunt
972 1707 1214 1789 confessiones,
1238 1730 1278 1775 ac
1299 1709 1364 1778 alia
1384 1731 1483 1795 prae—

262 1806 364 1878 stant,
394 1819 482 1883 quae
509 1759 706 1863 'condicunt
725 1797 768 1861 ad
788 1795 952 1865 ecclesiae
972 1797 1175 1870 christianae
1197 1797 1478 1865 aedificationem.

262 1847 400 1952 Praeier
430 1889 515 1953 haec
546 1885 674 1966 omnia,
704 1886 850 1970 populus
881 1905 1043 1980 magnum
1074 1903 1157 1971 erga
1184 1907 1243 1954 eos
1270 1907 1418 1954 amorem
1447 1898 1482 1953 et

260 1974 412 2041 fauorem
427 1975 541 2041 habet.
562 1977 622 2040 Est
638 1973 727 2041 enim
744 1967 904 2059 profecto
917 1987 951 2041 et
973 1975 1096 2040 clamat
1117 1985 1267 2041 extrema
1282 1975 1478 2056 necessitas,

258 2064 451 2131 venerande
479 2066 592 2142 Pater,
615 2063 753 2147 ubique,
777 2074 815 2127 ut
836 2063 1020 2129 habeamus
1041 2063 1157 2129 fideles
1177 2073 1212 2130 et
1233 2085 1332 2131 ueros
1353 2064 1480 2130 Christi

259 2172 388 2231 seruoS,
406 2153 523 2235 quales
539 2162 632 2220 certe
647 2149 800 2217 inuenire
816 2171 884 2216 non
897 2151 1098 2236 poterimus,
1116 2172 1217 2236 quam
1230 2151 1264 2218 in
1282 2154 1347 2219 hac
1363 2152 1480 2221 Socie-

202 2275 206 2282 ·
259 2249 339 2321 tate,
364 2240 446 2305 nulli
473 2239 562 2306 enim
590 2239 686 2307 alteri
713 2261 775 2306 nos
802 2241 1006 2307 concredere
1034 2241 1209 2307 audemus.
1240 2239 1480 2307 Existimamus

256 2338 432 2413 praetcrea
459 2331 559 2416 plane
586 2328 670 2393 nulli
690 2327 911 2413 collegiorum
933 2329 1003 2396 fore
1025 2329 1237 2406 damnosum,
1262 2328 1290 2394 si
1312 2332 1373 2395 hos
1393 2331 1481 2396 duos

256 2416 473 2485 retineamus
491 2420 533 2484 Et
545 2417 609 2483 nisi
621 2439 686 2484 nos
698 2416 841 2482 maxima
854 2428 887 2482 et
904 2416 1087 2483 christiana
1098 2416 1283 2484 necessitas
1300 2437 1339 2482 ac
1355 2439 1479 2484 causac

258 2517 420 2592 urgentes
437 2508 479 2572 ad
496 2509 562 2573 hoc
577 2506 800 2592 impellerent,
820 2505 914 2570 nullo
930 2507 1031 2571 modo
1047 2509 1199 2590 prolecto
1215 2505 1250 2570 id
1266 2528 1286 2572 a
1302 2509 1342 2572 T.
1358 2509 1402 2572 D.
1418 2529 1477 2592 pe-

257 2603 416 2663 teremus.
447 2597 523 2662 Non
555 2594 688 2660 uidetur
707 2593 808 2660 etiam
830 2593 928 2660 nobis
942 2593 1140 2660 ’consbltum
1163 2594 1477 2662 nec-necessarium

259 2693 296 2748 ut
311 2685 354 2750 D.
375 2686 415 2750 T.
434 2705 510 2752 sese
525 2684 561 2749 in
577 2686 642 2750 hoc
658 2683 802 2769 negocio
819 2683 941 2750 referat
957 2681 999 2748 ad
1012 2682 1250 2768 probissimum
1263 2686 1364 2749 Dom.
1385 2685 1477 2750 Can-

257 2771 398 2854 nisium,
426 2772 532 2858 ipsius
567 2772 657 2839 enim
690 2771 900 2838 ordinatione
934 2783 969 2838 et
995 2769 1163 2838 sententia
1194 2773 1309 2858 (quam
1342 2783 1476 2838 nostrae

256 2860 410 2946 petitioni
439 2861 596 2928 timemus
618 2862 688 2926 fore
708 2859 922 2944 contrariam)
944 2871 1036 2927 certe
1057 2881 1124 2925 non
1146 2859 1272 2925 erimus
1292 2880 1356 2925 nec
1376 2861 1477 2926 uolu-

257 2971 333 3015 mus
349 2971 424 3017 esse
439 2960 632 3016 contentae.
651 2951 768 3034 Quare
790 2970 831 3016 eo
852 2947 1089 3017 uehementius
1109 2958 1220 3014 motae
1242 2948 1368 3014 fuimus
1391 2952 1476 3017 haec

257 3038 300 3103 ad
316 3040 357 3103 T.
376 3040 419 3104 D.
441 3038 659 3124 perscribere,
677 3038 777 3124 plane
793 3048 968 3122 sperantes
989 3035 1086 3103 nobis
1106 3039 1195 3103 hanc
1217 3047 1366 3102 nostram
1388 3037 1476 3122 petim

256 3125 381 3194 tionem
399 3127 492 3193 nullo
508 3129 608 3193 modo
620 3137 861 3192 recusaturam.
878 3127 1105 3211 Quapropter,
1120 3126 1314 3194 venerande
1325 3125 1361 3191 in
1374 3125 1475 3192 Chri-

255 3225 310 3280 sto
325 3214 473 3297 domine,
492 3237 553 3281 nos
570 3237 686 3281 omnes
701 3237 848 3295 summo,
866 3236 935 3299 quo
950 3235 1145 3316 possumus,
1170 3213 1284 3315 studio
1303 3223 1338 3280 et
1359 3234 1474 3280 amore

255 3324 391 3370 oramus
407 3325 447 3369 ac
464 3305 682 3372 obsecramus
700 3315 737 3368 ut
757 3306 820 3371 hos
839 3303 926 3369 duos
946 3302 1167 3389 supradictos
1191 3302 1349 3368 nimirum
1366 3305 1455 3392 Joan

255 3414 333 3458 nem
350 3392 500 3459 Dirsium
517 3404 551 3460 et
568 3394 765 3460 Hermetem
782 3392 948 3458 concedat
964 3413 1096 3492 semper
1117 3391 1226 3471 nobiS,
1251 3403 1386 3459 uestrae
1410 3393 1475 3459 So-

254 3569 518 3636 dominationem
546 3569 648 3636 huius
669 3592 736 3635 non
758 3569 965 3656 penitebit,
957 3591 1059 3634 immo
1080 3568 1152 3654 ipsa
1174 3569 1223 3653 (ut
1243 3561 1419 3653 speramus
1439 3567 1473 3632 in

253 3657 416 3742 Domino)
434 3680 470 3724 re
486 3657 766 3760 ipsaexperietur
782 3661 893 3725 Deum
910 3659 1016 3723 multa
1037 3657 1153 3723 bona
1145 3679 1180 3721 m
1203 3658 1279 3723 aula
1300 3665 1415 3722 nostra
1435 3677 1475 3721 ac

254 3746 399 3814 ecclesia
414 3747 580 3813 catholica
596 3769 656 3832 per
676 3747 769 3831 ipsos
788 3757 1019 3830 operaturum.
1042 3745 1079 3814 Si
1106 3748 1149 3811 D.
1180 3747 1221 3810 T.
1251 3744 1353 3812 sciret
1374 3765 1474 3828 quam
1522 3755 1527 3766 '

254 3835 446 3904 cordialiter
462 3847 496 3903 et
512 3837 722 3912 confidenter
737 3855 882 3921 agamus
897 3845 931 3901 et
953 3845 1120 3920 petamus,
1143 3832 1341 3917 neutiquam
1362 3833 1472 3911 nobiS,

255 3925 346 4027 qqod
366 3925 537 4010 cupimus,
561 3925 758 4010 denegaret.
780 3924 884 3992 Certo
905 3922 1042 4002 scimus,
1066 3921 1094 3987 si
1115 3943 1238 4008 parens
1259 3933 1373 3988 noster
1393 3920 1474 3988 dile·

254 4012 437 4094 ctissimus,
456 4013 531 4099 piae
551 4013 744 4095 memoriae,
768 4011 899 4079 uiueret
921 4011 989 4113 (qui
1013 4009 1197 4112 singularis
1220 4010 1284 4075 tuit
1309 4011 1420 4076 fautor
1442 4021 1476 4080 et

246 4113 428 4204 *protector
444 4103 548 4168 totius
568 4102 669 4168 huius
690 4099 880 4186 Societatis)
898 4099 980 4166 nihil
996 4099 1128 4185 gratius
1148 4099 1300 4178 haberet,
1323 4119 1426 4198 quam
1447 4097 1475 4162 si
1509 4109 1511 4114 '

255 4190 336 4256 huie
352 4190 506 4292 petitioni
522 4202 658 4258 nostrae
674 4193 717 4257 D.
737 4192 777 4257 Τ.
802 4188 1043 4274 acquiesceret.
1064 4189 1141 4254 Non
1158 4149 1353 4254 dubitamus
1373 4186 1475 4254 etiam

255 4278 337 4363 quin
360 4280 485 4346 nostris
505 4279 664 4346 fratribus
685 4278 843 4344 omnibus
864 4300 934 4344 rem
962 4276 1061 4346 faciet
1086 4275 1326 4362 gratissimam,
1351 4273 1477 4359 quibus

255 4390 388 4454 semper
408 4379 442 4436 et
463 4368 669 4453 ubicumque
688 4389 870 4453 possumus
897 4365 1128 4452 paratissimae
1144 4375 1249 4431 totam
1270 4363 1476 4432 Societatem

254 4455 621 4524 commendatissimam
644 4458 754 4524 facere
776 4477 816 4522 ac
836 4476 1036 4541 promouere
1056 4476 1125 4520 non
1146 4452 1368 4532 cessabimus,
1387 4452 1479 4536 quod

254 4556 349 4613 certo
369 4549 413 4616 de
434 4545 532 4613 nobis
552 4568 688 4632 sperare
715 4544 867 4632 potestis.
898 4543 1031 4611 Latius
1043 4565 1110 4610 non
1136 4541 1337 4623 scribemus,
1368 4542 1478 4607 solum
